@inproceedings{roch05,
 author = {A. R. Rocha and M. Montoni and G. Santos and S. Mafra and S. Figueiredo and A. Bessa},
 title = {{Estação TABA: Uma Infra-estrutura para Implantação do Modelo de Referência para Melhoria de Processo de Software}},
 booktitle = {{IV Simpósio Brasileiro de Qualidade de Software (SBQS'05)}},
 pages = {49--60},
 year = {2005},
}

@techreport{proj_freire,
 title={{Evolução da Ferramenta DocRat Visando Suporte a Design
Rationale Ágil e Versões de Software. Monografia de Projeto de
Conclusão de Curso}},
 author ={A. P. Freire},
 year={2005},
 institution = {Instituto de Ciências Matemáticas e de Computação, Universidade de São Paulo},
 note = {46 páginas},
}

@techreport{ribeiro:03,
 title = {{Documentação do software agenda No Risk Planning}},
 author = {T. M. Ribeiro and R. P. M. Fortes and A. P. Freire},
 year = {2003},
 number = {182},
 institution = {Instituto de Ciências Matemáticas e de Computação, Universidade de São Paulo},
 }

@misc{pai07,
    author = {D. M. B. Paiva and A. P. Freire and D. Lucrédio and R. T. V. Braga and R. P. M. Fortes},
    title= {{Reinforcing Design Rationale in Software Projects Developed in Academic Environment}},
    note = {{International Transactions on Systems Science and Applications; Aceito para publicação}},
    year= {2007},
}

@article{lucredio04jot,
 author = {D. Lucrédio and E. S. Almeida and C. P. Bianchini and A. F. Prado and L. C. Trevelin},
 title = {{Orion - A Component-Based Software Engineering Environment}},
 journal = {Journal of Object Technology},
 volume = {3},
 number = {4},
 year = {2004},
 pages = {51--74}
}


@inproceedings{pailufor06,
 author = {D. M. B. Paiva and D. Lucrédio and R. P. M. Fortes},
 title = {{MVCASE -- Incluindo Design Rationale para Auxílio à Modelagem em Projetos de Pesquisa}},
 booktitle = {{XIII Sessão de Ferramentas -- XX Simpósio Brasileiro de Engenharia de Software}},
 year = {2006},
 address = {Florianópolis - SC},
 pages = {73--78},
}

@inproceedings{PaiPiFor06,
 author = {D. M. B. Paiva and A. P. Freire and R. P. M. Fortes},
 title = {{Design Rationale in Academic Software Development: Requirements for a Representation Model}},
 booktitle = {Eighteenth International Conference on Software Engineering and Knowledge Engineering -- SEKE 2006},
 year = {2006},
 pages ={},
}

@inproceedings{yan06,
 author = {Q. Z. Yang and C. Y. Miao and Y. Zhang and R. Gay},
 title = {{Ontology Modelling and Engineering for Product Development Process Description and Integration}},
 booktitle = {{Proceedings of IEEE International Conference on Industrial Informatics}},
 year = {2006},
 pages = {85--90},
} 

@inproceedings{garcia04,
 author = {V. C. Garcia and D. Lucrédio and L. F. P. Pinto and A. Alvaro and E. S. Almeida and A. F. Prado},
 title = {{Uma Ferramenta CASE para o Desenvolvimento de Software Orientado a Aspectos}},
 booktitle = {{Sessão de ferramentas do XVIII Simpósio Brasileiro de Engenharia de Software (SBES 2004)}},
 address = {Brasília - DF},  
 year = {2004}
}

@PHDTHESIS{fio01,
  author =       {S. T. Fiorini},
  title =        {{Arquitetura para Reutilização de Processos de Software}},
  school =       {Pontifícia Universidade Católica do Rio de Janeiro},
  note  = {243 páginas},
  year =         {2001},
}

@article{kitc95,
 author = {B. Kitchenham and L. Pickard and S. L. Pfleeger},
 title = {{Case Studies for Method and Tool Evaluation}},
 journal = {IEEE Software},
 volume = {12},
 number = {4},
 year = {1995},
 pages = {52--62},
 publisher = {IEEE Press},
}

@inproceedings{teu99,
 author = {S. Teufel and J. Carletta and M. Moens},
 title = {{An Annotation Scheme for Discourse-level Argumentation in Research Articles}},
 booktitle = {{Proceedings of the Ninth Meeting of the European Chapter of the Association for Computational Linguistics (EACL-99)}},
 year = {1999},
 pages = {110--117},
} 
 
@article{smi90,
 author = {A. J. Smith},
 title = {{The Task of the Referee}},
 journal = {IEEE Computer},
 volume = {23},
 number = {4},
 year = {1990},
 pages = {65--71},
 publisher = {IEEE Press},
}

@techreport{que05,
  author =       {L. J. Quemello and A. M. Manduca and R. P. M. Fortes},
  title =        {{Uma Introdução ao Bugzilla}},
  institution =  {Instituto de Ciências Matemáticas e de Computação, Universidade de São Paulo},
  year =         {2005},
  type =         {Relatório Técnico},
  number =       {253},
}

@techreport{moura01,
  author =       {M. V. Moura},
  title =        {{No-Risk Planning -- um Sistema de Suporte ao Trabalho em Grupo: uma Proposta para Web}},
  institution =  {{Instituto de Ciências Matemáticas e de Computação, Universidade de São Paulo}},
  year =         {2001},
  note=         {53 páginas},
  type =         {{Relatório Técnico}},
}

@techreport{panos04,
  author =       {Gisele Cristina Panosso},
  title =        {{Informações de Design Rationale como Auxílio à Manutenção de Software}},
  institution =  {{Instituto de Ciências Matemáticas e de Computação, Universidade de São Paulo, São Carlos-SP}},
  year =         {2004},
  note=         {36 páginas},
  type =         {Relatório Técnico},
}

@inproceedings{Cagnin04,
 author = {M. I. Cagnin and D. M. B. Paiva and J. C. Maldonado and R. D. Penteado and R. P. M. Fortes and F. S. R. Germano},
 title = {{From Design Rationale to Reengineering Rationale: Lessons Learned in a Maintenance Pilot Case Study}},
 booktitle = {IV Jornadas Iberoamericanas de Ingeniería del Software e Ingeniería del Conocimiento},
 year = {2004},
 pages = {61--66},
 address = {Madrid, Espanha},
 }

@inproceedings{numpra04,
 author = {B. Igel and S. Numprasertchai},
 title = {{Knowledge Management in University R\&D in Thailand}},
 booktitle = {{Proceedings of IEEE International Engineering Management Conference}},
 year = {2004},
 pages = {463--467},
 publisher = {IEEE Press},
 }

@inproceedings{Mur03,
 author = {D. Cubranic and G. C. Murphy},
 title = {{Hipikat: Recommending Pertinent Software Development Artifacts}},
 booktitle = {ICSE '03: Proceedings of the 25th International Conference on Software Engineering},
 year = {2003},
 pages = {408--418},
 address = {Portland, Oregon},
 publisher = {IEEE Computer Society},
  }

@article{Ros04,
 author = {R. Roshandel and A. Van Der Hoek and M. Mikic-Rakic and N. Medvidovic},
 title = {{Mae -- A System Model and Environment for Managing Architectural Evolution}},
 journal = {ACM Transactions on Software Engineering and Methodology},
 volume = {13},
 number = {2},
 year = {2004},
 issn = {1049-331X},
 pages = {240--276},
 doi = {http://doi.acm.org/10.1145/1018210.1018213},
 publisher = {ACM Press},
 address = {New York, NY, USA},
 }

@inproceedings{pra00,
 author = {A. F. Prado and D. Lucrédio},
 title = {{MVCASE: Ferramenta CASE Orientada a Objetos}},
 booktitle = {{Sessão de ferramentas do XIV Simpósio Brasileiro de Engenharia de Software (SBES 2000)}},
 addres = {João Pessoa - PB},
 year = {2000},
}

@inproceedings{pra01,
 author = {A. F. Prado and D. Lucrédio},
 title = {{Ferramenta MVCASE - Estágio Atual: Especificação, Projeto e Construção de Componentes}},
 booktitle = {{Sessão de ferramentas do XV Simpósio Brasileiro de Engenharia de Software (SBES 2001)}},
 year = {2001},
 pages = {368-373},
}

@article{Mal06,
  title = {{Perspective-Based Reading: A Replicated Experiment Focused on Individual Reviewer Effectiveness}},
  author = {J. C. Maldonado and J. Carver and F. Shull and S. Fabbri and E. Dória and L. Martimiano and M. Mendonça and V. Basili},
  journal = {{Empirical Software Engineering}},
  publisher = {Springer Netherlands},
  issn = {1382-3256 (Print) 1573-7616 (Online)},
  url = {http://www.springerlink.com/content/9543346630211402/},
  number = {1},
  pages = {119--142},
  volume = {11},
  doi = {10.1007/s10664-006-5967-6},
  year = {2006}, 
}

@inproceedings{geor03,
 author = {G. P. George and G. Picard and M. P. Gleizes and P. Glize},
 title = {{Living Design for Open Computational Systems}},
 booktitle = {{Twelfth IEEE International Workshops on Enabling Technologies: Infrastructure for Collaborative Enterprises}},
 year = {2003},
 address = {Manchester, Inglaterra},
 pages = {389--394},
}

@inproceedings{almeida02,
 author = {E. S. Almeida and D. Lucrédio and C. P. Bianchini and A. F. Prado and L. C. Trevelin},
 title = {{Ferramenta MVCASE - Uma Ferramenta Integradora de Tecnologias para o Desenvolvimento Baseado em Componentes Distribuídos}},
 booktitle = {{Sessão de Ferramentas do XVI Simpósio Brasileiro de Engenharia de Software (SBES 2002)}},
 year = {2002},
 address = {Gramado - RS},
 pages = {432-437},
}

@inproceedings{bab06,
 author = {M. A. Babar and A. Tang and I. Gorton and J. Han},
 title = {{Industrial Perspective on the Usefulness of Design Rationale for Software Maintenance: a Survey}},
 booktitle = {QSIC '06: Proceedings of the Sixth International Conference on Quality Software},
 year = {2006},
 isbn = {0-7695-2718-3},
 pages = {201--208},
 address = {Beijing, China},
 doi = {http://dx.doi.org/10.1109/QSIC.2006.35},
 publisher = {IEEE Computer Society},
  }

@inproceedings{tang05,
 author = {A. Tang and M. A. Babar and  I. Gorton and J. Han},
 title = {{A Survey of the Use and Documentation of Architecture Design Rationale}},
 booktitle = {Proceedings of the 5th Working IEEE/IFIP Conference on Software Architecture},
 year = {2005},
 pages = {89--98},
 publisher = {IEEE Computer Society},
  }

@book{kos06,
 author=    {A. Koscianski and M. S. Soares},
 title=     {{Qualidade de Software}},
 publisher= {Novatec},
 edition=   {{1 }},
 year=      {2006},
}

@book{fran92,
 author=    {C. Frankfort-Nachmias and D. Nachmias},
 title=     {{Research Methods in the Social Sciences}},
 publisher= {St. Martin's Press},
 edition=   {{4}},
 year=      {1992},
}

@inproceedings{Far05,
 author = {U. Farooq and J. M. Carroll and C. H. Ganoe},
 title = {{Supporting Creativity in Distributed Scientific Communities}},
 booktitle = {{GROUP '05: Proceedings of the 2005 International ACM SIGGROUP Conference on Supporting Group Work}},
 year = {2005},
 pages = {217--226},
 url = {http://doi.acm.org/10.1145/1099203.1099242},
 publisher = {ACM Press},
 address = {Sanibel Island, Estados Unidos},
 }

@article{dia03,
 author = {D. H. Sonnenwald and M. C. Whitton and K. L. Maglaughlin},
 title = {{Evaluating a Scientific Collaboratory: Results of a Controlled Experiment}},
 journal = {ACM Transactions on Computer-Human Interaction},
 volume = {10},
 number = {2},
 year = {2003},
 pages = {150--176},
 doi = {http://doi.acm.org/10.1145/772047.772051},
 publisher = {ACM Press},
 address = {New York, NY, USA},
 }

@inproceedings{ols02,
 author = {G. M. Olson and S. Teasley and M. J. Bietz and D. L. Cogburn},
 title = {{Collaboratories to Support Distributed Science: the Example of International HIV/AIDS Research}},
 booktitle = {{SAICSIT '02: Proceedings of the 2002 Annual Research Conference of the South African Institute of Computer Scientists and Information Technologists on Enablement Through Technology}},
 year = {2002},
 pages = {44--51},
}

@techreport{wul89,
  author =       {W. A. Wulf},
  title =        {{The National Collaboratory - a White Paper}},
  institution =  {{Appendix A in Towards a National Collaboratory, the unpublished report of an invitational workshop held at the Rockefeller University}},
  year =         {1989},
  type =         {Technical Report},
  
}

@techreport{lar05,
  author =       {S. M. A Lara and A. P. Freire and R. P. M. Fortes},
  title =        {{DocRat: Produto da Re-engenharia da Ferramenta DocRationale}},
  institution =  {{Instituto de Ciências Matemáticas e de Computação, Universidade de São Paulo}},
  year =         {2005},
  note = {72 páginas},
  type =         {{Relatório Técnico}},
  
}

@article{gon03,
 author = {J. M. González-Barahona and G. Robles},
 title = {{Free Software Engineering: A Field to Explore}},
 journal = {UPGRADE},
 volume = {4},
 number = {4},
 year = {2003},
 pages = {49--54},
 }


@article{kou96,
 author = {R. T. Kouzes and J. D. Myers and w. A Wulf},
 title = {{Collaboratories: Doing Science on the Internet}},
 journal = {IEEE Computer},
 volume = {29},
 number = {8},
 year = {1996},
 pages = {40--46},
 }

@inproceedings{mon00,
 author = {Monika Buscher and Michael Christensen and Kaj Grønbæk and Peter Krogh and Preben Mogensen and Dan Shapiro and Peter Orbæk},
 title = {{Collaborative Augmented Reality Environments: Integrating VR, Working Materials, and Distributed Work Spaces}},
 booktitle = {{CVE '00: Proceedings of the Third International Conference on Collaborative Virtual Environments}},
 year = {2000},
 isbn = {1-58113-303-0},
 pages = {47--56},
 address = {San Francisco, Estados Unidos},
 doi = {http://doi.acm.org/10.1145/351006.351012},
 publisher = {ACM Press},
}

@article{dus04,
 author = {Schahram Dustdar},
 title = {{CARAMBA - A Process-Aware Collaboration System Supporting Ad hoc and Collaborative Processes in Virtual Teams}},
 journal = {Distributed and Parallel Databases},
 volume = {15},
 number = {1},
 year = {2004},
 issn = {0926-8782},
 pages = {45--66},
 doi = {http://dx.doi.org/10.1023/B:DAPD.0000009431.20250.56},
 publisher = {Kluwer Academic Publishers},
 address = {Hingham, MA, USA},
 }


@article{hag96,
 author = {Olof Hagsand},
 title = {{Interactive Multiuser Virtual Environments in the DIVE System}},
 journal = {IEEE MultiMedia},
 volume = {3},
 number = {1},
 year = {1996},
 issn = {1070-986X},
 pages = {30--39},
 doi = {http://dx.doi.org/10.1109/93.486702},
 publisher = {IEEE Computer Society Press},
 address = {Los Alamitos, CA, USA},
 }

@article{gia01,
 author = {G. Cugola and E. Di Nitto and A. Fuggetta},
 title = {{The JEDI Event-Based Infrastructure and its Application to the Development of the OPSS WFMS}},
 journal = {IEEE Transactions on Software Engineering},
 volume = {27},
 number = {9},
 year = {2001},
 issn = {0098-5589},
 pages = {827--850},
 doi = {http://dx.doi.org/10.1109/32.950318},
 publisher = {IEEE Press},
 address = {Piscataway, NJ, USA},
 }

@article{kry03,
 author = {Krys Kochut and Jonathan Arnold and Amit Sheth and John Miller and Eileen Kraemer and Budak Arpinar and Jorge Cardoso},
 title = {{IntelliGEN: A Distributed Workflow System for Discovering Protein-Protein Interactions}},
 journal = {Distributed and Parallel Databases},
 volume = {13},
 number = {1},
 year = {2003},
 issn = {0926-8782},
 pages = {43--72},
 doi = {http://dx.doi.org/10.1023/A:1021565722755},
 publisher = {Kluwer Academic Publishers},
 address = {Hingham, MA, USA},
 }

@inproceedings{kam98,
 author = {P. J. Kammer and G. A. Bolcer and R. N. Taylor and A. S. Hitomi},
 title = {{Supporting Distributed Workflow Using HTTP}},
 booktitle = {Proceedings of the International Conference on Software
Engineering ICSE'98},
 year = {1998},
}

@incollection{boe06,
    author=     {B. Boehm},
    title=      {{Value-Based Software Engineering: Overview and Agenda}},
    booktitle=  {{S. Biffl and A. Aurum and B. Boehm and H. Erdogmus and P. Grunbacher (eds.), Value-Based Software Engineering}},
    year=       {2006},
    publisher=  {Springer},
    pages=      {3--14},
}

@incollection{Roc01,
    author=     {A. R. C. Rocha and C. Maidantchik and K. Oliveira and G. T. Travassos and G. Xexéo},
    title=      {{Experiência em Definição, Uso e Melhoria de Processos de Software}},
    booktitle=  {{A. R. C. Rocha and J. C. Maldonado and K. C. Weber (organizadores), Qualidade de Software, Teoria e Prática}},
    year=       {2001},
    publisher=  {Prentice Hall},
    pages=      {185--191},
}

@PHDTHESIS{fel04,
  author =       {V. D. Feltrim},
  title =        {{Uma Abordagem baseada em Córpus e em Sistemas de Crítica para a Construção de Ambientes Web de Auxílio à Escrita Acadêmica em Português}},
  school =       {Instituto de Ciências Matemáticas e de Computação, Universidade de São Paulo},
  year =         {2004},
  note = {181 páginas},
}

@book{hor90,
  author =       {R. E. Horn},
  title =        {{Developing Procedures, Policies and Documentation}},
  publisher =    {Waltham MA: Information Mapping},
  edition =      {{1 }},
  year =         {1990},
}

@inproceedings{Paiva05,
 author = {D. M. B. Paiva and A. M. Manduca and M. A. G. Silva and L. J. Quemello and R. T. V. Braga and R. P. M. Fortes},
 title = {{Reforçando a Comunicação com Uso de uma Ferramenta de Software Livre em Ensino de Engenharia de Software}},
 booktitle = {{XIII Workshop sobre Educação em Computação, XXV Congresso da Sociedade Brasileira de Computação}},
 address = {São Leopoldo - RS},
 year = {2005},
}

@article{miy98,
 author = {T. Miyoshi},
 title = {{Early Experience with Software Process Assessment using SPICE Framework at Software Research Associates}},
 journal = {{Software Process: Improvement and Practice}},
 volume = {2},
 number = {3},
 pages={211--235},
 year = {1998},
}

@inproceedings{cav02,
 author=    {M. C. Cavalcanti and M. Mattoso and M. L. Campos and E. Simon and F. Llirbat},
 title=     {{An Architecture for Managing Distributed Scientific Resources}},
 booktitle= {14th International Conference on Scientific and Statistical Database Management},
 year=          {2002},
 address = {Edinburgh, Reino Unido},
publisher = {IEEE Computer Society},
}

@inproceedings{hul05,
 author = {D. Huljenic and S. Desic and M. Matijasevic},
 title = {{Project Management in Research Projects}},
 booktitle = {{8th International Conference on Telecommunications -- ConTEL 2005}},
 year = {2005},
 pages = {663--669},
}

@article{alp05,
 author = {B. Alpern and S. Augart and S. M. Blackburn and M. Butrico and A. Cocchi and P. Cheng and J. Dolby and S. Fink and D. Grove and M. Hind and K. S. McKinley and M. Mergen and J. E. B. Moss and T. Ngo and V. Sarkar and M. Trapp},
 title = {{The Jikes Research Virtual Machine Project: Building an Open-Source Research Community}},
 journal = {IBM Systems Journal},
 volume = {44},
 number = {2},
 pages={399--417},
 year = {2005},
}

@article{har94,
 author = {G. Harris and G. Kaine},
 title = {{The Determinants of Research Performance: a Study of Australian University Economists}},
 journal = {Higher Education},
 number = {27},
 pages={191--201},
 year = {1994},
}

@article{luw99,
 author = {M. Luwel and C. M. Noyons and F. Moed},
 title = {{Bibliometric Assessment of Research Performance in Flanders: Policy Background and Implications}},
 journal = {R\&D Management},
 volume = {29},
 number = {2},
 pages={133--141},
 year = {1999},
}

@inproceedings{coc03,
 author = {M. Coccia},
 title = {{Metrics of R\&D Performance and Management of Public Research Labs}},
 booktitle = {Engineering Management Conference},
 pages={231--235},
 year = {2003},
}

@article{cocc01,
 author = {M. Coccia},
 title = {{Satisfaction, Work Involvement and R\&D Performance}},
 journal = {{International Journal Human Resources Development and Management}},
 volume = {1},
 number = {2},
 pages={3--4},
 year = {2001},
}

 %author = {{F. P. Garcia and A. H. G. Lima and D. S. Ferreira and F. L. Leite Junior and G. R. C. Rocha and G. W. D. Mendes and R. F. Pontes and V. K. H. Rocha and V. F. Dantas}},

@inproceedings{garc04,
 author = {{F. P. Garcia et al}},
 title = {{{\it easYProcess}: um Processo de Desenvolvimento para Uso no Ambiente Acadêmico}},
 booktitle = {{XII WEI - Workshop de Educação em Computação, XXIV Congresso da SBC}},
 year = {2004},
}

@inproceedings{conn04,
 author = {R. Conn},
 title = {{A Reusable, Academic-strength, Metrics-based Software Engineering Process for Capstone Courses and Projects}},
 booktitle = {{SIGCSE'04: Proceedings of the 35th SIGCSE Technical Symposium on Computer Science Education}},
 year = {2004},
 isbn = {1-58113-798-2},
 pages = {492--496},
 address = {Norfolk, Estados Unidos},
 publisher = {ACM Press},

 }

@inproceedings{ell,
 author = {H. J. C. Ellis and N. R. Mead and A. M. Moreno and S. B. Seidman},
 title = {{Industry/University Software Engineering Collaborations for the Successful Reeducation of Non-Software Professionals}},
 booktitle = {Proceedings of the 16th Conference on Software Engineering Education and Training},
 year = {2003},
 isbn = {4},
 pages = {33--44},
 address = {Madrid, Espanha},
 publisher = {ACM Press},
 }

@article{beck97,
 author = {K. Beckman and S. Khajenoori},
 title = {{Collaborations: Closing the Industry-Academia Gap}},
 journal = {IEEE Software},
 volume = {14},
 number = {16},
 pages = {49--57},
 year = {1997},
 publisher = {IEEE},
}

@inproceedings{numa90,
 author = {J. F. Nunamaker and M. Chen},
 title = {{Systems Development in Information Systems Research}},
 booktitle = {Proceedings of the Twenty-Third Annual Hawaii International Conference},
 volume = {3},
 year = {1990},
 pages ={631--640},
 publisher = {IEEE},
}

@inproceedings{Carl02,
 author = {C. G. Carlson},
 title = {{The Dating Game, Survivor, and Other War Games: Interesting, Enjoyable and Effective Methods for Conducting Collaborative Research}},
 booktitle = {Proceedings of the 35th Hawaii International Conference on System Sciences},
 year = {2002},
 address = {Big Island, Estados Unidos},
 pages = {37b},
 publisher = {IEEE Computer Society},
 }

@article{bez99,
 author = {N. Bezroukov},
 title = {{Open Source Software Development as a Special Type of Academic Research}},
 journal = {First Monday -- peer-reviewed journal on the internet},
 volume = {4},
 number = {10},
 year = {1999},
 publisher = {University of Illinois at Chicago Library},
}

@ARTICLE{Bal05,
  author =       {P. Balabko and A. Wegmann and A. Ruppen and N. Clement},
  title =        {{Capturing Design Rationale with Functional Decomposition of Roles in Business Processes Modeling}},
  journal =      {{Software Process: Improvement and Practice}},
  volume =       {10},
  number=                {4},
  year =         {2005},
  pages =        {379--392},
}

@ARTICLE{parn86,
  author =       {D. Parnas and P. Clements},
  title =        {{A Rationale Design Process: How and Why to Fake it}},
  journal =      {{IEEE Transactions of Software Engineering}},
  volume =       {12},
  number={2},
  year =         {1986},
  pages =        {251--257},
}

@ARTICLE{sch87,
  author =       {N. F. Schneidewind},
  title =        {{The State of Software Maintenance}},
  journal =      {{IEEE Transactions of Software Engineering}},
  volume =       {13},
  number={3},
  year =         {1987},
  pages =        {344--354},
}

@article{syl06,
 author = {Sylvie Trudel and Jean-Marc Lavoie and Marie-Claude Paré and Witold Suryn},
 title = {PEM: The small company-dedicated software process quality evaluation method combining CMMISM and ISO/IEC 14598},
 journal = {Software Quality Control},
 volume = {14},
 number = {1},
 year = {2006},
 issn = {0963-9314},
 pages = {7--23},
 doi = {http://dx.doi.org/10.1007/s11219-006-5997-8},
 publisher = {Kluwer Academic Publishers},
 address = {Hingham, MA, USA},
 }

@article{rog98,
 author = {E. M. Rogers and E. G. Carayannis and K. Kurihara and M. M. Allbritton},
 title = {{Cooperative Research and Development Agreements (CRADAs) as Technology Transfer Mechanisms}},
 journal = {{R\&D Management}},
 volume = {28},
 number = {2},
 year = {1998},
 pages = {79--88},
 publisher = {{Blackwell Publishers Ltd}},
 }

@inproceedings{numpra03,
 author = {S. Numprasertchai and B. Igel},
 title = {{Managing Knowledge Through Collaboration: Two Cases of Managing Research in University Laboratories in Thailand}},
 booktitle = {{Engineering Management Conferecence, IEMC 2003}},
 year = {2003},
 pages = {575--579},
 publisher = {IEEE Press},
 }

@inproceedings{fal06,
 author = {D. Falessi and G. Cantone and M. Becker},
 title = {{Documenting Design Decision Rationale to Improve Individual and Team Design Decision Making: an Experimental Evaluation}},
 booktitle = {ISESE '06: Proceedings of the 2006 ACM/IEEE International Symposium on Empirical Software Engineering},
 year = {2006},
 isbn = {1-59593-218-6},
 pages = {134--143},
 address = {Rio de Janeiro - RJ},
 doi = {http://doi.acm.org/10.1145/1159733.1159755},
 publisher = {ACM Press},
  }

@inproceedings{pol99,
 author = {Macario Polo and Mario Piattini and Francisco Ruiz and Coral Calero},
 title = {MANTEMA: A Software Maintenance Methodology Based on the ISO/IEC 12207 Standard},
 booktitle = {ISESS '99: Proceedings of the 4th IEEE International Symposium and Forum on Software Engineering Standards},
 year = {1999},
 isbn = {0-7695-0068-4},
 pages = {76},
 publisher = {IEEE Computer Society},
 address = {Washington, DC, USA},
 }

@article{tyr00,
 author = {Sebastian Tyrrell},
 title = {{The Many Dimensions of the Software Process}},
 journal = {Crossroads},
 volume = {6},
 number = {4},
 year = {2000},
 pages = {22--26},
 doi = {http://doi.acm.org/10.1145/333424.333435},
 publisher = {ACM Press},
 address = {New York, NY, USA},
 }

@article{lou93,
 author = {R. Lougher and T. Rodden},
 title = {{Group Support for the Recording and Sharing of Maintenance Rationale}},
 journal = {Software Engineering Journal},
 volume = {8},
 number = {6},
 year = {1993},
 pages = {295--306},

 }

@article{zha03,
 author = {Luyin Zhao and Sebastian Elbaum},
 title = {{Quality Assurance under the Open Source Development Model}},
 journal = {Journal of Systems and Software},
 volume = {66},
 number = {1},
 year = {2003},
 issn = {0164-1212},
 pages = {65--75},
 doi = {http://dx.doi.org/10.1016/S0164-1212(02)00064-X},
 publisher = {Elsevier Science Inc.},
 address = {New York, NY, USA},
 }

@book{Ray01,
  author =       {E. S. Raymond},
  title =        {{The Cathedral and the Bazaar: Musings on
  Linux and Open Source by an Accidental Revolutionary}},
  publisher =    {O' Reilly},
  year =         {2001},
}


@incollection{Mil71,
    author=     {H.D. Mills},
    title=      {{Top-Down Programming in Large Systems}},
    booktitle=  {{R. Ruskin (ed.), Debugging Techniques in Large Systems}},
    year=       {1971},
    publisher=  {Prentice-Hall},
}

@incollection{kl93,
    author=     {M. Klein},
    title=      {{DRCS: an Integrated System for Capture of Designs and their Rationale}},
    booktitle=  {{J. Gero (ed.), Artificial Intelligence in Design}},
    year=       {1993},
    pages =     {393--412},
    publisher=  {Academic Publishers},
}

 
@misc{daniel06,
    AUTHOR      = {D. Lucrédio and E. S. Almeida and A. F. Prado},
    TITLE       = {{MVCASE -- Eight years of Experiences with a CASE Tool}},
    YEAR        = {2006},
    note        = {{Submetido ao International Journal on Software Tools Technology Transfer, em revisão}}, 
}

@misc{pmbok,
    AUTHOR      = {{Project Management Institute}},
    TITLE       = {{Um Guia do Conjunto de Conhecimentos em Gerenciamento de Projetos -- Guia PMBOK}},
    YEAR        = {2004},
}


@article{rei99,
 author = {Tim O'Reilly},
 title = {{Lessons from Open-Source Software Development}},
 journal = {Communications of ACM},
 volume = {42},
 number = {4},
 year = {1999},
 issn = {0001-0782},
 pages = {32--37},
 doi = {http://doi.acm.org/10.1145/299157.299164},
 publisher = {ACM Press},
 address = {New York, NY, USA},
 }

@article{ar02,
 author = {S. Arbaoui and J. C. Derniame and F. Oquendo and H. Verjus},
 title = {{A Comparative Review of Process-Centered Software Engineering Environments}},
 journal = {{Annals of Software Engineering}},
 volume = {14},
 number = {1--4},
 year = {2002},
 pages = {311--340},
 publisher = {Kluwer Academic Publishers},
}

@inproceedings{CPY00,
  author={P. Y. Cunin},
  title = {{The PIE Project: an Introduction}},
  Booktitle = {{In Proceedings of the 7th European Workshop on
Software Process Workshop Technology, R. Conradi, Ed., Lecture Notes in Computer Science}},
  vol = {1780},
  address = {Kaprun, Austria},
  year = {2000},
}

@article{chen94,
 author = {J. Cheng},
 title = {{A Reusability-Based Software Development Environment}},
 journal = {ACM Software Engineering Notes},
 volume = {19},
 number = {2},
 year = {1994},
 pages = {57--62},
}

@article{bat01,
 author = {R. D. Battin and R. Crocker and J. Kreidler and K. Subramanian},
 title = {{Leveraging Resources in Global Software Development}},
 journal = {IEEE Software},
 volume = {18},
 number = {2},
 year = {1994},
 pages = {70--77},
 publisher = {IEEE Press},
}

@article{ger04,
 author = {D. M. German},
 title = {{The GNOME Project: a Case Study of Open Source, Global Software Development}},
 journal = {{Software Process Improvement and Practice}},
 volume = {8},
 number = {4},
 year = {2004},
 pages = {201--215},
 publisher = {John Wiley \& Sons},
}

@article{sca06,
 author = {W. Scacchi and J. Feller and B. Fitzgerald and S. Hissam and K. Lakhani},
 title = {{Understanding Free/Open Source Software Development Processes}},
 journal = {{Software Process Improvement and Practice}},
 volume = {11},
 number = {2},
 year = {2006},
 pages = {95--105},
 publisher = {John Wiley \& Sons},
}

@article{pri04,
 author = {R. Prikladnicki and J. L. N. Audy and R. Evaristo},
 title = {{Global Software Development in Practice Lessons Learned}},
 journal = {{Software Process Improvement and Practice}},
 volume = {8},
 number = {4},
 year = {2004},
 pages = {267--281},
 publisher = {John Wiley \& Sons},
}

@article{jacch93,
 author = {M. L. Jaccheri and R. Conradi},
 title = {{Techniques for Process Model Evolution in EPOS}},
 journal = {IEEE Transactions on Software Engineering},
 volume = {19},
 number = {12},
 year = {1993},
 issn = {0098-5589},
 pages = {1145--1156},
 doi = {http://dx.doi.org/10.1109/32.249660},
 publisher = {IEEE Press},
 address = {Piscataway, NJ, USA},
 }

@article{mau98,
 author = {F. Maurer and G. Kaiser},
 title = {{Software Engineering in the Internet Age}},
 journal = {{IEEE Internet Computing}},
 volume = {2},
 number = {5},
 year = {1998},
 pages = {22--24},
}

@article{kris99,
 author = {M. S. Krishman and T. Mukhopadhyay and D. Zubrow},
 title = {{Software Process Models and Project Performance}},
 journal = {{Information Systems Frontiers}},
 volume = {1},
 number = {3},
 year = {1999},
 pages = {267--277},
}

@article{jac93,
 author = {M. L. Jaccheri and R. Conradi},
 title = {Techniques for Process Model Evolution in EPOS},
 journal = {IEEE Transactions on Software Engineering},
 volume = {19},
 number = {12},
 year = {1993},
 issn = {0098-5589},
 pages = {1145--1156},
 doi = {http://dx.doi.org/10.1109/32.249660},
 publisher = {IEEE Press},
 address = {Piscataway, NJ, USA},
 }

@article{mad91,
 author = {N. H. Madhavji},
 title = {{The Process Cycle}},
 journal = {Software Engineering Journal},
 volume = {6},
 number = {5},
 year = {1991},
 issn = {0268-6961},
 pages = {234--242},
 publisher = {Michael Faraday House},
 address = {Herts, UK, UK},
 }

@techreport{kel88a,
  author =       {M. I. Kellner and G. A. Hansen},
  title =        {{Software Process Modeling}},
  institution =  {Software Engineering Institute},
  year =         {1988},
  type =         {Technical Report},
  number =       {CMU/SEI-88--TR-9},
}

@inproceedings{hum89a,
  author={W. S. Humphrey and M. I. Kellner},
  title = {{Software Process Modeling: Principles of Entity Process Models}},
  Booktitle = {{11th International Conference on Software Engineering}},
  pages = {331--342},
  year = {1989},
}

@inproceedings{herbs05,
  author={J. D. Herbsleb and D. J. Paulish and M. 	},
  title = {{Global Software Development at Siemens: Experience from Nine Projects}},
  Booktitle = {{27th International Conference on Software Engineering}},
  pages = {524--533},
  year = {2005},
}

@inproceedings{kir01,
  author={M. Kircher and P. Jain and A. Corsaro and D. Levine},
  title = {{Distributed eXtreme Programming}},
  Booktitle = {{Proceedings of the Second International Conference on eXtreme Programming (XP 2001)}},
  pages = {66--71},
  year = {2001},
}

@article{cav89,
  author={R. K. Cavin and L. W. Sumney and R. M. Burger},
  title = {{The Semiconductor Research Corporation: Cooperative Research}},
  journal = {{Proceedings of the IEEE}},
  volume = {77},
  number = {9},
  pages = {1327--1344},
  year = {1989},
}


@inproceedings{mas02,
  author={B. Massey},
  title = {{Where do Open Source Requirements Come From (And What Should We Do About it)?}},
  Booktitle = {{Proceedings of the Second Workshop on Open-Source Software Engineering}},
  year = {2002},
}

@inproceedings{Aug02,
  author={L. Augustin and D. Bressler and G. Smith},
  title = {{Accelerating Software Development Through Collaboration}},
  Booktitle = {{24th International Conference on Software Engineering (ICSE 2002)}},
  pages = {559--563},
  address = {Orlando, Estados Unidos}, 
  year = {2002},
}

@inproceedings{yap05,
  author={M. Yap},
  title = {{Follow the Sun: Distributed Extreme Programming Development}},
  Booktitle = {{Proceedings of the Agile Development Conference}},
  pages = {218--224},
  year = {2005},
}

@inproceedings{haw05,
  author={M. J. Hawthorne and D. E. Perry},
  title = {{Software Engineering Education in the Era of Outsourcing, Distributed Development and Open Source Software: Challenges and Opportunities}},
  Booktitle = {{27th International Conference on Software Engineering}},
  pages = {643--644},
  year = {2005},
}


@inproceedings{kot99,
  author={B. Kotting and F. Maurer},
  title = {{Approaching Software Support for Virtual Software Corporations}},
  Booktitle = {{21th International Conference on Software Engineering}},
  year = {1999},
}

@inproceedings{bow02,
  author={S. Bowen and F. Maurer},
  title = {{Process Support and Knowledge Management for Virtual Teams Doing Agile Software Development}},
  Booktitle = {{Workshop on Cooperative Supports for Distributed Software Engineering Processes -- 26th IEEE Annual International Computer Software and Application Conference}},
  pages = {1118--1120},
  address = {Oxford, Inglaterra}, 
  year = {2002},
}

@inproceedings{kel88,
 author = {M. I. Kellner},
 title = {{Representation Formalisms for Software Process Modelling}},
 booktitle = {{Proceedings of the 4th International Software Process Workshop on Representing and Enacting the Software Process}},
 year = {1988},
 isbn = {0-89791-314-0},
 pages = {93--96},
 address = {Devon, Reino Unido},
 doi = {http://doi.acm.org/10.1145/75110.75125},
 publisher = {ACM Press},
  }

@book{hum90,
   author = {W. S. Humphrey},
   title = {{Managing the Software Process}},
   year = {1990},
   publisher = {Addison-Wesley},
}

@inproceedings{Hein06,
 author = {M. Heindl and S. Biffl},
 title = {{Risk Management with Enhanced Tracing of Requirements Rationale in Highly Distributed Projects}},
 booktitle = {{GSD2006 - International Conference on Software Engineering}},
 year = {2006},
 publisher = {ACM},
 }

@article{Hwa06,
 author = {Y. H. Hwang and J. G. Park},
 title = {{Approaches and Requirements to Develop and Improve the Standard Processes for a Research and Development Organization}},
 journal = {Systems Engineering},
 volume = {9},
 number = {1},
 year = {2006},
 pages = {35--43},
 }

@article{sir05,
 author = {S. Komi-Sirvio and M. Tihinen},
 title = {{Lessons Learned by Participants of Distributed Software Development}},
 journal = {Knowledge and Process Management},
 volume = {12},
 number = {2},
 year = {2005},
 pages = {108--122},
 }

@article{aver04,
 author = {L. Aversano and A. De Lucia and M. Gaeta and
P. Ritrovato and S. Stefanucci and M. L. Villani},
 title = {{Managing Coordination and Cooperation in Distributed Software Processes: the GENESIS Environment}},
 journal = {{Software Process: Improvement and Practice}},
 volume = {9},
 number = {4},
 year = {2004},
 pages = {239--263},
 publisher = {John Wiley \& Sons},
  }


@article{kim93,
 author = {W. Kim and Y. Suh and A. B. Whinston},
 title = {{An IBIS and Object-Oriented Approach to Scientific Research Data Management}},
 journal = {{Journal of Systems and Software}},
 volume = {23},
 number = {2},
 year = {1993},
 pages = {183--197},
 publisher = {Elsevier},
  }

@article{nia06,
 author = {M. Niazi and D. Wilson and D. Zowghi},
 title = {{Critical Success Factors for Software Process Improvement Implementation: An Empirical Study}},
 journal = {{Software Process: Improvement and Practice}},
 volume = {11},
 number = {2},
 year = {2006},
 pages = {193--211},
 publisher = {John Wiley \& Sons},
  }

@article{uwa06,
 author = {C. O. Uwadia and P. E. Ifinedo and G. M. Nwamarah and E. G. Eseyin and A. Sawyerr},
 title = {{Risk Factors in the Collaborative Development of Management Information Systems for Nigerian Universities}},
 journal = {{Information Technology for Development}},
 volume = {12},
 number = {2},
 year = {2006},
 pages = {91--111},
 publisher = {Wiley Periodicals},
}

@article{wal03,
 author = {AJ Walker},
 title = {{Level 5 Process Capability Achievement: A Case Study from Software Engineering Research Management}},
 journal = {Software Process: Improvement and Practice},
 volume = {8},
 number = {1},
 year = {2003},
 pages = {51--62},
 }


@inproceedings{Wal,
 author = {AJ. Walker and B. Braude},
 title = {{Quality Aspects of Software Product Supply and Support using the Internet}},
 booktitle = {ISESS '99: Proceedings of the 4th IEEE International Symposium and Forum on Software Engineering Standards},
 year = {1999},
 isbn = {0-7695-0068-4},
 pages = {199},
 publisher = {IEEE Computer Society},
 address = {Washington, Estatos Unidos},
 }


@article{wal93,
 author = {C. K. Walker},
 title = {{The Need to Provide Writing Support for Academic Engineers}},
 journal = {IEEE Transactions on Professional Communication},
 volume = {36},
 number = {3},
 year = {1993},
 pages = {130--136},
 }

@inproceedings{Bar02,
 author = {E. F. Barbosa and J. C. Maldonado and I. L. M. Ricarti},
 title = {{Learning Materials: Towards the Establishment of Guidelines for Domain Modeling}},
 booktitle = {Informatics Curricula, Teaching Methods and Best Practice Working Conference (ICTEM 2002)},
 year = {2002},
 }

@misc{silva05,
    author = {Magda Valéria Silva},
    title= {{Aspectos Operacionais e Instrumentais da Gestão de Pessoas}},
    note = {Material didático (relatório técnico) utilizado no Curso de Pós-Graduação em Administração, Universidade Federal de São João Del-Rei},
    year= {2005},
}

@mastersthesis{Pan99,
  author =       {L. T. E. Pansanato},
  title =        {{Autoria de Aplicações Hipermídia para Ensino}},
  school =       {Instituto de Ciências Matemáticas e de Computação, Universidade de São Paulo},
  year =         {1999},
 }

@PHDTHESIS{Tur98,
  author =       {M. A. S. Turine},
  title =        {{HMBS: Um Modelo Baseado em Statecharts para a Especificação Formal de Hiperdocumentos}},
  school =       {Instituto de Física de São Carlos, Universidade de São Paulo},
  year =         {1998},
}

@PHDTHESIS{Bar04,
  author =       {E. F. Barbosa},
  title =        {{Uma Contribuição ao Processo de Desenvolvimento e Modelagem de Módulos Educacionais}},
  school =       {Instituto de Ciências Matemáticas e de Computação, Universidade de São Paulo},
  year =         {2004},
  note = 			 {253 páginas},
}

@inproceedings{Ble05,
 author = {Wolf-Gideon Bleek and Carola Lilienthal and Axel Schmolitzky},
 title = {{Transferring Experience from Software Engineering Training in Industry to Mass University Education: The Big Picture}},
 booktitle = {CSEET '05: Proceedings of the 18th Conference on Software Engineering Education \& Training},
 year = {2005},
 isbn = {0-7695-2324-2},
 pages = {195--203},
 address = {Ottawa, Canadá},
 doi = {http://dx.doi.org/10.1109/CSEET.2005.38},
 publisher = {IEEE Computer Society},
 }

@inproceedings{her96,
 author = {J. D. Herbsleb and D. R. Goldenson},
 title = {{A Systematic Survey of CMM Experiences and Results}},
 booktitle = {{18th International Conference on Software Engineering}},
 year = {1996},
 pages = {323--330},
 }

@article{bas99,
 author = {Victor R. Basili and Forrest Shull and Filippo Lanubile},
 title = {Building Knowledge through Families of Experiments},
 journal = {IEEE Transactions on Software Engineering},
 volume = {25},
 number = {4},
 year = {1999},
 issn = {0098-5589},
 pages = {456--473},
 doi = {http://dx.doi.org/10.1109/32.799939},
 publisher = {IEEE Press},
 address = {Piscataway, NJ, USA},
 }

@article{kit96,
 author = {B. Kitchenham and S. L. Pfleeger},
 title = {{Software Quality: the Elusive Target}},
 journal = {IEEE Software},
 volume = {13},
 number = {1},
 year = {1996},
 pages = {12--21},
 publisher = {IEEE Press},
}

@article{shull04,
 author = {F. Shull and M. G. Mendonça and V. Basili and J. Carver and J. C. Maldonado and S. Fabbri and G. H. Travassos and M. C. Ferreira},
 title = {{Knowledge-Sharing Issues in Experimental Software Engineering}},
 journal = {Empirical Software Engineering},
 volume = {9},
 number = {1--2},
 year = {2004},
 pages = {111--137},
 publisher = {Kluwer Academic Publishers},
}

@inproceedings{Shu01,
 author = {F. Shull and J. Carver and G. H. Travassos},
 title = {{An Empirical Methodology for Introducing Software Processes}},
 booktitle = {{ESEC/FSE-9: Proceedings of the 8th European Software Engineering Conference held jointly with 9th ACM SIGSOFT International Symposium on Foundations of Software Engineering}},
 year = {2001},
 isbn = {1-58113-390-1},
 pages = {288--296},
 address = {Vienna, Austria},
 doi = {http://doi.acm.org/10.1145/503209.503248},
 publisher = {ACM Press},
 }

@inproceedings{Ram00,
 author = {Dieter Rombach},
 title = {Fraunhofer: the German Model for Applied Research and Technology Transfer},
 booktitle = {Proceedings of the 22nd International Conference on Software Engineering},
 year = {2000},
 isbn = {1-58113-206-9},
 pages = {531--537},
 address = {Limerick, Irlanda},
 doi = {http://doi.acm.org/10.1145/337180.337443},
 publisher = {ACM Press},
  }

@inproceedings{Pin02,
 author = {M.K. Pinheiro and J.V. Lima and M.R.S. Borges},
 title = {{A Framework for Awareness Support in Groupware Systems}},
 booktitle = {{7th International Conference on Computer Supported Cooperative Work in Design}},
 year = {2002},
 pages = {13--18},
 }

@inproceedings{bar03,
 author = {E. F. Barbosa and J. C. Maldonado and C. L. L. Maidantchik},
 title = {{Padronização de Processos para o Desenvolvimento de Módulos Educacionais}},
 booktitle = {{XXIX Latin-American Conference on Informatics}},
 year = {2003},
 }

@inproceedings{Arn95,
 author = {J. E. Arnold},
 title = {{Toward Collaborative Software Processes}},
 booktitle = {Ninth International Software Process Workshop},
 year = {1994},
 pages = {107--109},
 address = {Airlie, Estados Unidos},
 publisher = {IEEE Computer Society},
}

 %pages = {375--380},

@article{ara07,
 author = {R. M. Araújo and M. R. S. Borges},
 title = {{The Role of Collaborative Support to Promote Participation and Commitment in Software Development Teams}},
 journal = {Software Process: Improvement and Practice},
 year = {2007},
 note = {Aceito para publicação},
}

@inproceedings{coo04,
 author = {C. Cook and N. Churcher and W. Irwin},
 title = {{Towards Synchronous Collaborative Software Engineering}},
 booktitle = {Proceedings of the 11th Asia-Pacific Software Engineering Conference},
 year = {2004},
 pages = {230--239},
 address = {Busan, Korea},
 publisher = {IEEE Computer Society},
}

@misc{ISO9126a,
   author = {{ISO/IEC 9126}},
   title= {{ISO/IEC 9126 Software Engineering -- Product Quality, Parts 1--4}},
   year= {2002},
}

@misc{Ieee00,
   author = {{IEEE Standard 1471-2000}},
   title= {{IEEE Recommended Practice for Architectural Description of Software-Intensive Systems}},
   year= {2000},
}

@misc{rom07,
   author = {D. Rombach},
   title= {{Experimentation: Engine for Applied Research and Technology Transfer
in Software Engineering}},
   year = {1999},
   note = {{Disponível em: http://sel.gsfc.nasa.gov/website/sew/1999/topics/rombach\_SEW99paper.pdf; Acessado em 11/02/2007}},
}

@misc{ISO9001,
   author = {{ISO 9001}},
   title= {{ISO 9001 Quality Systems -- Model for Quality Assurance in Design, Development, Production, Installation and Servicing}},
   year= {1994},
}


@inproceedings{DuSoBuRe04,
  author =       {R. C. Durscki and M. E. Soeke and R. C. Bunet and S. S. Reinehr},
  title =        {{Processo de Desenvolvimento para Projetos Tecnológicos: Uma Abordagem Baseada em Survey}},
  booktitle=  {{XXIV Encontro Nacional de Engenharia de Produção}},
  year =         {2004},
  address = {Florianópolis - SC},
  pages = {5443--5450},
}

@inproceedings{bel02,
    author = {V. Bellotti and R. Burton and N. Ducheneaut and M. Howard and C. Neuwirth and I. Smith},
    title  = {{XP in a Research Lab: The Hunt for Strategic Value}},
    booktitle = {Proceedings of the Third International Conference on eXtreme Programming (XP2002)},
    year = {2002},
    address = {Alghero, Italy},
    pages = {56--61},
}

@inproceedings{LarFor04,
    author =    {S. M. A. Lara and R. P. M. Fortes},
    title =     {{Supporting Informal Design Rationale Capture for Requirements Specification}},
    booktitle = {{2nd Latin American Web Congress and the 10th Brazilian Symposium on Multimedia and the Web}},
    pages =     {65--68},
    year =      {2004},
}

@inproceedings{bre98,
    author =    {P. C. Brebner},
    title =     {{Software Process Improvement by Examples (SPIE)}},
    booktitle = {{International Conference on Software Engineering: Education and Practice}},
    pages =     {88--95},
    year =      {1998},
}

@inproceedings{Pim97,
    author =    {M. G. C. Pimentel},
    title =     {{MAPHE: Metodologia de Apoio a Projetos de Hiperdocumentos Educacionais}},
    booktitle = {{VIII Simpósio Brasileiro de Informática na Educação (SBIE97)}},
    pages =     {351--368},
    year =      {1997},
}

@book{keyes:04,
   author = "Jessica Keyes",
   title = "Software Configuration Management",
   year = "2004",
   publisher = "CRC Press"
}

@book{dav94,
   author = {T. H. Davenport},
   title = {{Reengenharia de Processos}},
   edition = {2 },
   year = {1994},
   publisher = {Campus}
}

@book{Pos04,
   author = {M. Possi and A. Castelo and A. Nogueira and C. Jordão and D. Louzada and E. Borges and F. Affonso and F. Otero and G. Blak and L. Séllos and M. Grimaldi and M. Hervé and P. Salomão},
   title = {Capacitação em Gerenciamento de Projetos},
   year = {2004},
   publisher = {Brasport},
}

@misc{Mer83,
    author =    {M. D. Merril},
    title =     {{Component Display Theory}},
    note  = {{In: Instructional Design Theories and Models: An Overview of their Current States}},
    publisher = {Lawrence Erlbaum},
    year =      {1983},
 }


@book{chi02,
   author = {I. Chiavenato},
   title = {Recursos Humanos},
   edition = {7},
   year = {2002},
   isbn = {85-224-3106-X},
   publisher = {Atlas},
}

@book{boe04,
   author = {B. Boehm and R. Turner},
   title = {Balancing Agility and Discipline},
   year = {2004},
   publisher = {Addison Wesley},
}

@article{gru02,
 author = {Volker Gruhn},
 title = {{Process-Centered Software Engineering Environments, A Brief History and Future Challenges}},
 journal = {Annals of Software Engineering},
 volume = {14},
 number = {1-4},
 year = {2002},
 issn = {1022-7091},
 pages = {363--382},
 publisher = {J. C. Baltzer AG, Science Publishers},
 address = {Red Bank, NJ, USA},
 }

@inproceedings{Dut96,
    author =    {A. Dutoit and B. Bruegge and R. Coyne},
    title =     {{Using an Issue-based Model in a Team-based Software Engineering Course}},
    booktitle = {{International Conference on Software Engineering: Education and Practice}},
    year =      {1996},
    pages = {130--137},
 }

@techreport{kit04,
  author =       {B. Kitchenham},
  title =        {{Procedures for Performing Systematic Reviews}},
  institution =  {Software Engineerign Group -- Department of Computer Science},
  year =         {2004},
  type =         {Technical Report},
  number =       {TR/SE-0401, 28 páginas},
  note=          {{ISSN 1353-7776}},
}

@techreport{PaiFreFor04,
  author =       {D. M. B. Paiva and A. P. Freire and R. P. M. Fortes},
  title =        {{Web Engineering Process - a Case Study from Academic Development}},
  institution =  {Instituto de Ciências Matemáticas e de Computação, Universidade de São Paulo},
  year =         {2004},
  type =         {Relatório Técnico},
  number =       {79, 18p.},
  month =        {August},
  note=          {ISSN 0103-2577},
}

@techreport{Goe92,
  author =       {W. B. Goethert and E. K. Bailey and M. B. Busby},
  title =        {{Software Effort \& Schedule Measurement: a Framework for Counting Staff-hours and Reporting Schedule Information}},
  institution =  {Software Engineering Institute, Carnegie Mellon Universtiy},
  year =         {1992},
  type =         {Technical Report},
  number =       {CMU/SEI-92-TR-21,ESC-TR-92-21},
}

@inproceedings{Lav05,
  author={L. Lavazza and G. Barresi},
  title = {{Automated Support for Process-aware Definition and Execution of Measurement Plans}},
  Booktitle = {27th International Conference on Software Engineering},
  pages = {234--243},
  year = {2005},
}

@inproceedings{mor05,
  author={M. R. S. Moreira and R. F. V. Silva and C. E. M. Ellery and J. F. S. Aquino and T. C. Costa and M. A. A. Rodrigues and R. M. C. Andrade},
  title = {{WQoS: Um Framework de Alto Nível para Provisao de QoS em Sistemas Móveis sem Fio}},
  Booktitle = {4th International Information and Telecommunication Technologies Symposium},
  address = {Florianóplis - SC},
  pages = {117--127},
  year = {2005},
}

@inproceedings{hol05,
  author={R. Holmes and G. C. Murphy},
  title = {{Using Structural Context to Recommend Source Code Examples}},
  Booktitle = {27th International Conference on Software Engineering},
  year = {2005},
}

@inproceedings{DuSoBuRe04a,
  author =       {R. C. Durscki and M. E. Soeke and R. C. Bunet and S. S. Reinehr},
  title =        {{A Development Process to Technology Projects: An Academic Approach}},
  booktitle=  {{The 2004 International Conference on Software Engineering Research and Practice -- Track on Team-based Software Engineering}},
  year =         {2004},
}

@inproceedings{Fel00,
  author =       {J. Feller and B. Fitzgerald},
  title =        {{A Framework Analysis of the Open Source Software Paradigm}},
  booktitle=  {{21st International Conference on Information Systems}},
  pages = {58--69},
  address = {Brisbane, Australia},
  year =         {2000},
}


@misc{ieee93,
    AUTHOR      = {{IEEE Standards Collection: Software Engineering}},
    TITLE       = {{IEEE Standard 610.12-1990}},
    YEAR        = {1993}
}

@misc{ieee830,
    AUTHOR      = {{Software Engineering Standards Committee of the IEEE Computer Society}},
    TITLE       = {{IEEE Recommended Practice for Software Requirements Specifications}},
    YEAR        = {1998}
}

@inproceedings{Jun03,
     author = {M. G. C. Junior and N. Sant'Anna and L. F. B. Filho and E. C. Genvigir and L. Luque and R. P. Tavares and B. H. Casillo},
     title = {{(PDE) Process Definition Environment: Uma Ferramenta para Apoio à Definição de Processos de Software no Ambiente e-WebProject}},
      Booktitle = {XIV Congresso Internacional de Tecnologia de Software},
      address = {Curitiba - PR},
      pages = {42--55},
      year = {2003},
}

@mastersthesis{jun03a,
     author = {M. G. C. Junior},
     title = {{Um Serviço de Coordenação de Processos Integrados ao Ambiente de Engenharia de Software E-WebProject}},
     school={Instituto Nacional de Pesquisas Espaciais},
     note ={274 páginas}, 
     year={2004},
}

@inproceedings{Oli01,
     author = {H. L. R. Oliveira and C. R. P. Rocha and K. M. Gonçalves and C. R. B. Souza},
     title = {{Utilização de Sistemas Críticos nas Atividades de Engenharia de Domínio e de Aplicações}},
      Booktitle = {XV Simpósio Brasileiro de Engenharia de Software},
      pages = {21--35},
      year = {2001},
}

@inproceedings{Zorz05,
     author = {J. Zorzatto and E. Dodonov and J. Quaini and H. C. Guardia},
     title = {{ProGrid Portal: Integrated Management and Security for Users, Resources and Applications}},
      Booktitle = {4th International Information and Telecommunication Technologies Symposium},
      year = {2005},
}

@inproceedings{Ion05,
     author = {B. Ionescu and M. Ionescu and S. Veres and D. Ionescu},
     title = {{Design and Architecture of an IP over Optical and Optical Ethernet Next Generation Network -- NCIT* net2}},
      Booktitle = {4th International Information and Telecommunication Technologies Symposium},
      address = {Florianópolis - SC},
      year = {2005},
}

@inproceedings{Est05,
     author = {R. P. Esteves and A. J. G. Abalém and M. A. Stanton},
     title = {{Algorithm for Establishing LSPs for Multicast Communication over GMPLS-based Networks}},
      Booktitle = {4th International Information and Telecommunication Technologies Symposium},
      address = {Florianópolis - SC},
      year = {2005},
}


@inproceedings{Goe01,
     author = {J. A. Goes and D. P. B. Renaux},
     title = {{PERF: Um Ambiente de Desenvolvimento Voltado para Testes Temporais de Software}},
      Booktitle = {XV Simpósio Brasileiro de Engenharia de Software, XVIII Sessão de Ferramentas},
      pages = {404--409},
      year = {2001},
}

@mastersthesis{Goe01a,
       author = {J. A. Goes},
       title = {PERF: Ambiente de Desenvolvimento e Estimação Temporal de Sistemas de Tempo Real},
       school = {CEFET-PR},
       note = {123 páginas},
       year = {2001},
}

@inproceedings{Silva03,
     author = {L. F. Silva and M. Sayão and J. C. S. P. Leite and K. K. Breitman},
     title = {{Enriquecendo o Código com Cenários}},
      Booktitle = {XVII Simpósio Brasileiro de Engenharia de Software, Sessão de Ferramentas},
      pages = {161--176},
      year = {2003},
}

@inproceedings{Oliv03,
     author = {K. R. Oliveira and A. D. Belchior},
     title = {{Adequas: Ferramenta Fuzzy para Avaliação da Qualidade de Software}},
      Booktitle = {XVII Simpósio Brasileiro de Engenharia de Software, X Sessão de Ferramentas},
      pages = {31--36},
      year = {2003},
}

@mastersthesis{Oliv02,
       author = {K. R. Oliveira},
       title = {{Adequas: Ferramenta Fuzzy para Avaliação da Qualidade de Software}},
       school = {Universidade de Fortaleza},
       note = {130 páginas},
       year = {2002},
}

@article{Das92,
 author = {M. K. Daskalantonakis},
 title = {{A Practical View of Software Measurement and Implementation Experiences within Motorola}},
 journal = {IEEE Transactions on Software Engineering},
 volume = {18},
 number = {11},
 year = {1992},
 pages = {998 -- 1010},
 publisher = {IEEE Computer Society},
}

@article{eber01,
 author = {C. Ebert and P. De Neve},
 title = {{Surviving Global Software Development}},
 journal = {IEEE Software},
 volume = {18},
 number = {2},
 year = {2001},
 pages = {62--69},
 publisher = {IEEE Computer Society},
}

@article{paa04,
 author = {M. Paasvaara and C. Lassenius},
 title = {{Collaboration Practices in Global Inter-organizational Software Development Projects}},
 journal = {Software Process - Improvement and Practice},
 volume = {8},
 number = {4},
 year = {2004},
 pages = {183--199},
 publisher = {John Wiley \& Sons},
}

@article{ac04,
 author = {S. T. Acuna and N. Juristo},
 title = {{Assigning People to Roles in Software Projects}},
 journal = {Software -- Practice and Experience},
 volume = {34},
 number = {7},
 year = {2004},
 pages = {675 -- 696},
 publisher = {John Wiley \& Sons},
}

@article{Gua04,
 author = {L. Z. Guan and V. Berzins and L. Zhang and D. Floodeen and V, Coskun and J. Puett and M. Brown},
 title = {{Requirements-document-based Prototyping of CARA Software}},
 journal = {{International Journal on Software Tools for Technology Transfer}},
 volume = {5},
 number = {4},
 year = {2004},
 pages = {370--390},
 publisher = {Springer-Verlag GmbH },
}

@article{dan02,
 author = {R. S. Dannelly and C. W. Steidley},
 title = {{A National Science Foundation Supported Undergraduate CSMET Research Project}},
 journal = {{Journal of Computing Sciences in Colleges}},
 volume = {17},
 number = {5},
 year = {2002},
 pages = {13--17},
}

@article{seg05,
 author = {J. Segal},
 title = {{When Software Engineers Met Research Scientists: A Case Study}},
 journal = {{Empirical Software Engineering}},
 volume = {10},
 number = {4},
 year = {2005},
 pages = {517--536},
 publisher = {Kluwer Academic Publishers},
}

@article{Mar04,
 author = {J. C. Martin},
 title = {{Formal Methods Software Engineering for the CARA System}},
 journal = {{International Journal on Software Tools for Technology Transfer}},
 volume = {5},
 number = {4},
 year = {2004},
 pages = {301--307},
 publisher = {Springer-Verlag GmbH },
}

@article{Oli05,
 author = {O. Chirouze and D. Cleary and G. G. Mitchell},
 title = {{A Software Methodology for Applied Research: eXtreme Researching}},
 journal = {Software -- Practice and Experience},
 volume = {35},
 number = {15},
 year = {2005},
 pages = {1441--1454},
 publisher = {John Wiley \& Sons},
}

@article{Ros05,
 author = {J. Rost},
 title = {{Software Engineering Theory in Practice}},
 journal = {IEEE Software},
 volume = {22},
 number = {2},
 year = {2005},
 pages = {94--96},
 publisher = {IEEE Computer Society},
}

@article{Mir04,
 author = {M. M. Moro and V. P. Braganholo and A. C. Nácul and M. R. Fornari},
 title = {{Rumo ao Título de Doutor/Mestre}},
 journal = {Revista de Informática Teórica e Aplicada},
 volume = {X},
 number = {2},
 year = {2004},
 pages = {99--112},
}

@inproceedings{Pur94,
 author = {M. Purvis},
 title = {{An Approach for the Capture of Requirements and Design Rationale for Software Engineering Education Projects}},
 booktitle = {Software Education Conference},
 year = {1994},
 pages = {261--266},
 publisher = {IEEE Computer Society},
 }

@inproceedings{ber00,
 author = {A. Bernat and P. J. Teller and A. Gates and N. Delgado},
 title = {{Structuring the Student Research Experience}},
 booktitle = {Proceeding of the 5th Annual SIGCSE/SIGCUE ITiCSE Conference
 on Innovation and Technology in Computer Science Education},
 year = {2000},
 address = {Helsinki, Finlândia},
 pages = {17--20},
 }

@inproceedings{Jen04,
 author = {M. Jenkins},
 title = {{PRO-SOFTWARE: A Government-Industry-Academia Partnership that Worked }},
 booktitle = {17th Conference on Software Engineering Education and Training (CSEET'04)},
 year = {2004},
 pages = {92--97},
 publisher = {IEEE Computer Society},
 }

@inproceedings{Mac96,
 author = {S. Macke and J. New and J. Coxon and B. Manente and S. Khajenoori and I. Hirmanpour and A. Ceberio},
 title = {{An Industry/Academic Partnership that Worked: an in Progress Report}},
 booktitle = {{Ninth Conference on Software Engineering Education}},
 year = {1996},
 pages = {234--245},
 publisher = {IEEE Computer Society},
 }

@article{Mey01,
 author = {B. Meyer},
 title = {{Software Engineering in the Academy}},
 journal = {IEEE Computer},
 volume = {34},
 number = {5},
 year = {2001},
 pages = {28--35},
 }

@article{Was96,
 author = {A. I. Wasserman},
 title = {{Toward a Discipline of Software Engineering}},
 journal = {IEEE Software},
 volume = {13},
 number = {6},
 year = {1996},
 pages = {23--31},
 publisher = {IEEE Computer Society},
}

@article{chan90,
 author = {C. K. Chang and G. B. Trubow},
 title = {{Joint Software Research Between Industry and Academia}},
 journal = {IEEE Software},
 volume = {7},
 number = {6},
 year = {1990},
 pages = {71--77},
 publisher = {IEEE Computer Society},
}

@article{Rob98,
 author = {P. N. Robillard and M. Robillard},
 title = {{Improving Academic Software Engineering Projects: A Comparative Study of Academic and Industry Projects}},
 journal = {Annals of Software Engineering},
 volume = {6},
 year = {1998},
 pages = {343--363},
}

@article{koe05,
 author = {A. Koeller},
 title = {{Experiences with Student Research at a Primarily Undergraduate Institution}},
 journal = {{Journal of Computing Sciences in Colleges}},
 volume = {20},
 number= {3},
 year = {2005},
 pages = {181--187},
}

@article{Tas05,
 author = {R. Tashakkori},
 title = {{Encouraging Undergraduate Research: A Digital Image Processing Approach}},
 journal = {{Journal of Computing Sciences in Colleges}},
 volume = {20},
 number= {3},
 year = {2005},
 pages = {173--180},
}

@article{Der04,
 author = {J. C. Derniame and F. Oquendo},
 title = {{Key Issues and New Challenges in Software Process Technology}},
 journal = {UPGRADE},
 volume = {5},
 number = {5},
 year = {2004},
 pages = {11--16},
 publisher = {Novatica},
}


@inproceedings{Bal73,
  author =       {R. Balzer},
  title =        {{A Global View of Automatic Programming}},
  booktitle=     {{Third Joint International Conference on Artificial Intelligence}},
  pages=         {494--499},
  year =         {1973},
}

@inproceedings{benin56,
  author =       {H. D. Benington},
  title =        {{Production of Large Computer Programs}},
  booktitle=     {{Symposium on Advanced Programming Methods for Digital Computers}},
  pages=         {15--27},
  address = {Washington, Estados Unidos},
  year =         {1956},
}

@inproceedings{Bor00,
 author = {Jan O. Borchers},
 title = {{A Pattern Approach to Interaction Design}},
 booktitle = {DIS '00: Proceedings of the conference on Designing interactive systems},
 year = {2000},
 isbn = {1-58113-219-0},
 pages = {369--378},
 address = {New York City, Estados Unidos},
 doi = {http://doi.acm.org/10.1145/347642.347795},
 publisher = {ACM Press},
  }

@inproceedings{Amb04,
 author = {V. Ambati and S. P. Kishore},
 title = {{How can Academic Software Research and Open Source Software Development Help Each Other?}},
 booktitle = {{4th Workshop on Open Source Software Engineering, 26th International Conference on Software   Engineering}},
 year = {2004},
 address = {Scotland, Reino Unido},
 pages = {5--8},
}

@inproceedings{Lan05,
 author = {Michele Lanza and St\&\#233;phane Ducasse and Harald Gall and Martin Pinzger},
 title = {{CodeCrawler: an Information Visualization Tool for Program Comprehension}},
 booktitle = {ICSE '05: Proceedings of the 27th International Conference on Software Engineering},
 year = {2005},
 isbn = {1-59593-963-2},
 pages = {672--673},
 address = {St. Louis, Estados Unidos},
 doi = {http://doi.acm.org/10.1145/1062455.1062602},
 publisher = {ACM Press},
  }


@inproceedings{Lan03,
 author = {Michele Lanza},
 title = {CodeCrawler - Lessons Learned in Building a Software Visualization Tool},
 booktitle = {CSMR '03: Proceedings of the Seventh European Conference on Software Maintenance and Reengineering},
 year = {2003},
 isbn = {0-7695-1902-4},
 pages = {409},
 publisher = {IEEE Computer Society},
 address = {Washington, DC, USA},
 }

@inproceedings{suc04,
 author = {G. Succi and P. Zuliani},
 title = {{Exploiting the Collaboration between Open Source Developers and Research}},
 booktitle = {{4th Workshop on Open Source Software Engineering, 26th International Conference on Software   Engineering}},
 year = {2004},
 pages = {97--99},
}

@inproceedings{Bol04,
 author = {C. Boldyreff and D. Nutter and S. Rank},
 title = {{Communication and Conflict Issues in Collaborative Software Research Projects}},
 booktitle = {{4th Workshop on Open Source Software Engineering, 26th International Conference on Software   Engineering}},
 year = {2004},
 address = {Scotland, Reino Unido},
 pages = {14--17},
}

@mastersthesis{lucredio05dissert,
     author = {D. Lucrédio},
     title = {{Extensão da Ferramenta MVCASE com Serviços Remotos de Armazenamento e Busca de Artefatos de Software}},
     school = {Universidade Federal de São Carlos},
     year = {2005},
}

@mastersthesis{jub99,
author = {A. P. Jubileu},
  title =        {{Aquisição de Conhecimento Como Apoio ao Método de Engenharia Reversa Fusion-RE/I}},
  school =       {Instituto de Ciências Matemáticas e de Computação, Universidade de São Paulo},
  year =         {1999},
}

@article{Bry00,
 author = {Antony Bryant},
 title = {{Metaphor, Myth and Mimicry: The Bases of Software Engineering}},
 journal = {Annals of Software Engeneering},
 volume = {10},
 number = {1-4},
 year = {2000},
 issn = {1022-7091},
 pages = {273--292},
 publisher = {J. C. Baltzer AG, Science Publishers},
 address = {Red Bank, NJ, USA},
 }

@article{Mar93,
 author = {Aaron Marcus},
 title = {Human communications issues in advanced UIs},
 journal = {Communications of  ACM},
 volume = {36},
 number = {4},
 year = {1993},
 issn = {0001-0782},
 pages = {100--109},
 doi = {http://doi.acm.org/10.1145/255950.153670},
 publisher = {ACM Press},
 address = {New York, NY, USA},
 }

@article{Broo87,
 author = {F. P. Brooks},
 title = {{No Silver Bullet: Essence and Accidents of Software Engineering}},
 journal = {Computer},
 volume = {20},
 number = {4},
 year = {1987},
 issn = {0018-9162},
 pages = {10--19},
 publisher = {IEEE Computer Society Press},
 address = {Los Alamitos, CA, USA},
 }


@incollection{Gro93,
    author=     {K. Grønbæk and J. Grudin and S. Bødker and L. Bannon},
    title=      {{Achieving Cooperative Design: Shifting from a Product to a Process Focus}},
    booktitle=  {{D. Schuler and A. Namioka (eds) Participatory design: principles and practices}},
    year=       {1993},
    publisher=  {Lawrence Erlbaum},
    pages=      {79--98},
}

@incollection{Gru06,
    author=     {P. Grunbacher and S. Koszegi and S. Biffl},
    title=      {{Stakeholder Value Proposition Elicitation and Reconciliation}},
booktitle=  {{S. Biffl and A. Aurum and B. Boehm and H. Erdogmus and P. Grunbacher (eds.), Value-Based Software Engineering}},
    year=       {2006},
    publisher=  {Springer},
    pages=      {133--154},
}

@inproceedings{Eam04,
 author = {Eamonn O'Neill and Peter Johnson},
 title = {Participatory task modelling: users and developers modelling users' tasks and domains},
 booktitle = {TAMODIA '04: Proceedings of the 3rd annual conference on Task models and diagrams},
 year = {2004},
 isbn = {1-59593-000-0},
 pages = {67--74},
 address = {Prague, República Tcheca},
 doi = {http://doi.acm.org/10.1145/1045446.1045460},
 publisher = {ACM Press},
 
 }

@article{Wes90,
  author =       {J. Wesselius and F. Ververs},
  title =        {{Some elementary questions on software quality control}},
  journal=       {{Software Engineering Journal}},
  number=        {6},
  volume=        {5},
  pages=         {303--310},
  year =         {1990},
}

@book{Ghe82,
 author = {Ghezzi C. and Jazayeri M.},
 title = {{Programming Language Concepts}},
 year = {1982},
 isbn = {0-471-08755-6},
 publisher = {John Wiley \& Sons},
 }

@book{bar90,
 author = {A. J. P. Barros and N. A. S. Lehfeld},
 title = {{Projeto de Pesquisa: Propostas Metodológicas}},
 year = {1990},
 isbn = {85.326.0018-2},
 edition = {16},
 publisher = {Vozes},
 }

@book{kot,
 author = {G. Kotonya and I. Sommerville},
 title = {{Requirements Engineering: Processes and Techniques}},
 year = {1998},
 publisher = {John Wiley},
 }



@book{Marc02,
 author = {M. A. Marconi and E. M. Lakatos},
 title = {{Técnicas de Pesquisa}},
 year = {2002},
 edition = {5},
 isbn = {85-224-3263-5},
 publisher = {Atlas},
 }

@book{Marc01,
 author = {M. A. Marconi and E. M. Lakatos},
 title = {{Metodologia do Trabalho Científico}},
 year = {2001},
 edition = {6},
 isbn = {85-224-2991-X},
 publisher = {Atlas},
 }

@book{Gol03,
 author = {M. Goldenberg},
 title = {{A Arte de Pesquisar}},
 year = {2003},
 edition = {7},
 isbn = {85-01-04965-4},
 publisher = {Record},
 }

@book{Toul58,
 author = {S. Toulmin},
 title = {{The Uses of Argument}},
 year = {1958},
 publisher = {Cambridge University Press},
 }

@book{bec99,
 author = {K. Beck},
 title = {{Extreme Programming Explained: Embrace Change}},
 year = {1999},
 publisher = {Addison-Wesley},
 }

@incollection{Mil71,
    author=     {H.D. Mills},
    title=      {{Top-Down Programming in Large Systems}},
    booktitle=  {{R. Ruskin (ed), Debugging Techniques in Large Systems}},
    year=       {1971},
    publisher=  {Prentice-Hall},
}

@book{Jef00,
 author = {Jeffries R. and Anderson A. and Hendrickson C.},
 title = {{Extreme Programming Installed}},
 year = {2000},
 publisher = {Addison-Wesley},
 }

@book{Aue02,
 author = {K. Auer and R. Miller},
 title = {{Extreme Programming Applied}},
 year = {2002},
 publisher = {Addison-Wesley},
 }

@inproceedings{Guy03,
 author = {Jean-Guy Schneider and Lorraine Johnston},
 title = {{eXtreme Programming at Universities: an Educational Perspective}},
 booktitle = {ICSE '03: Proceedings of the 25th International Conference on Software Engineering},
 year = {2003},
 isbn = {0-7695-1877-X},
 pages = {594--599},
 address = {Portland, Oregon},
 publisher = {IEEE Computer Society},
  }

@inproceedings{Hed03,
 author = {G\&\#246;rel Hedin and Lars Bendix and Boris Magnusson},
 title = {{Introducing Software Engineering by Means of eXtreme Programming}},
 booktitle = {{ICSE '03: Proceedings of the 25th International Conference on Software Engineering}},
 year = {2003},
 isbn = {0-7695-1877-X},
 pages = {586--593},
 address = {Portland, Oregon},
 publisher = {IEEE Computer Society},
  }

@book{Lau98,
 author = {K. C. Laudon and J. P. Laudon},
 title = {{Management Information Systems: New Approaches to Organization and Technology}},
 year = {1998},
 publisher = {Prentice Hall},
 }

@book{Roy98,
 author = {W. Royce},
 title = {{Software Project Management: A Unified Framework}},
 year = {1998},
 publisher = {Addison-Wesley},
 }

@inproceedings{Roy73,
  author =       {W. W. Royce},
  title =        {{Managing the Development of Large Software Systems}},
  booktitle=     {{IEEE Wescon}},
  pages=         {1--9},
  year =         {1970},
}

@article{bas75,
  author =       {V. R. Basili and A. J. Turner},
  title =        {{Iterative Enhancement: a Practical Technique for Software Development}},
  journal=       {{IEEE Transactions on Software Engineering}},
  number=        {4},
  volume=        {1},
  pages=         {390--396},
  year =         {1975},
}

@article{boe88,
 author = {B. W. Boehm},
 title = {{A Spiral Model of Software Development and Enhancement}},
 journal = {IEEE Computer},
 volume = {21},
 number = {5},
 year = {1988},
 pages = {61--72},
}


@article{Zel78,
 author = {Marvin V. Zelkowitz},
 title = {Perspectives in Software Engineering},
 journal = {ACM Comput. Surv.},
 volume = {10},
 number = {2},
 year = {1978},
 issn = {0360-0300},
 pages = {197--216},
 doi = {http://doi.acm.org/10.1145/356725.356731},
 publisher = {ACM Press},
 address = {New York, NY, USA},
 }



@article{McC97,
 author = {W. M. McCracken},
 title = {{Software Engineering Education: What Academia Can Do}},
 journal = {IEEE Software},
 volume = {14},
 number = {6},
 year = {1997},
 pages = {27-28},
}

@book{Larman01,
 author = {Craig Larman},
 title = {Applying UML and Patterns: An Introduction to Object-Oriented Analysis and Design and the Unified Process},
 year = {2001},
 isbn = {0130925691},
 publisher = {Prentice Hall PTR},
 }


@book{Larman04,
 author = {Craig Larman},
 title = {Utilizando UML e Padrões},
 year = {2004},
 edition= {2},
 publisher = {Bookman},
 }

@inproceedings{hil00,
 author = {Thomas B. Hilburn},
 title = {Teams Need a Process!},
 booktitle = {{ITiCSE '00: Proceedings of the 5th Annual SIGCSE/SIGCUE ITiCSE Conference on Innovation and Technology in Computer Science Education}},
 year = {2000},
 isbn = {1-58113-207-7},
 pages = {53--56},
 address = {Helsinki, Finlândia},
 doi = {http://doi.acm.org/10.1145/343048.343074},
 publisher = {ACM Press},
 }

@article{Hil97,
 author = {T. B. Hilburn},
 title = {{Software Engineering Education: A Modest Proposal}},
 journal = {IEEE Software},
 volume = {14},
 number = {6},
 year = {1997},
 pages = {44--48},
}

@inproceedings{JaLa97,
  author =       {M. L. Jaccheri and P. Lago},
  title =        {{Applying Software Process Modeling and Improvement in Academic Setting}},
  booktitle=     {{10th ACM/IEEE Conference on Software Engineering Education and Training}},
  pages=         {13--27},
  year =         {1997},
}

@inproceedings{For04a,
  author =       {R. P. M. Fortes and M. A. G. Silva and A. P. Freire and D. C. Junqueira},
  title =        {{SAFE -- Software Engineering Available For Everyone}},
  booktitle=     {{V Workshop sobre Software Livre}},
  pages=         {203--206},
  address = {Porto Alegre - RS},
  year =         {2004},
}

@inproceedings{For04b,
  author =       {R. P. M. Fortes and M. A. G. Silva and C. R. Reis},
  title =        {{Levantamento sobre Processo de Software Livre}},
  booktitle=     {{V Workshop sobre Software Livre}},
  pages=         {207--210},
  year =         {2004},
}


@inproceedings{Beg03,
  author =       {L. R. Begosso and L. V. L. Filgueiras},
  title =        {{Resultados da Implantação do Ambiente de Desenvolvimento de Maturidade em Engenharia de Software}},
  booktitle=     {{Anais do XI Workshop sobre Educação em Computação, XXIII Congresso da Sociedade Brasileira de Computação}},
  pages=         {51--59},
  year =         {2003},
}

@inproceedings{Gna03,
  author =       {M. Gnatz and L. Kof and F. Prilmeier and T. Seifert},
  title =        {{A Practical Approach of Teaching Software Engineering}},
  booktitle=     {{Proceedings of the 16th Conference on Software Engineering Education and Training}},
  pages=         {120--128},
  year =         {2003},
}

@inproceedings{Korn03,
  author =       {A.J. Kornecki and S. Khajenoori and D. Gluch and N. Kameli},
  title =        {{On a Partnership Between Software Industry and Academia}},
  booktitle=     {{Proceedings of the 16th Conference on Software Engineering Education and Training}},
  pages=         {60--69},
  year =         {2003},
}


@inproceedings{Sil03,
  author =       {L. F. Silva and J. C. S. P. Leite and K. K. Breitman},
  title =        {{Ensino de Engenharia de Software: Relato de Experiências}},
  booktitle=     {{Anais do XII Workshop sobre Educação em Computação, XXIV Congresso da Sociedade Brasileira de Computação}},
  year =         {2004},
}

@article{JaLaPi88,
 author = {M.L. Jaccheri and P. Lago and G.P. Picco},
 title = {{Eliciting Software Process Models with the E3 Language}},
 journal = {{ACM Transactions on Software Engineering and Methodology}},
 volume = {7},
 number = {4},
 year = {1988},
 pages = {368--410},
}

@article{hig01,
 author = {J. Highsmith and A. Cockburn},
 title = {{Agile Software Development: the Business of Innovation}},
 journal = {{IEEE Computer}},
 volume = {34},
 number = {9},
 year = {2001},
 pages = {120--127},
}

@article{wil03,
 author = {L. Williams and A. Cockburn},
 title = {{Agile Software Development: It´s about Feedback and Change}},
 journal = {{IEEE Computer}},
 volume = {36},
 number = {6},
 year = {2003},
 pages = {39--43},
}

@article{haw00,
 author = {S. P. Hawrysh and J. Ruprecht},
 title = {{Light Methodologies: It´s Like Déjà Vu All Over Again}},
 journal = {{Cutter IT Journal}},
 volume = {13},
 number = {11},
 year = {2000},
 pages = {4--12},
}

@article{mcC01,
 author = {R. McCauley},
 title = {{Agile Development Methods Poised to Upset Status Quo}},
 journal = {SIGCSE Bulletin},
 volume = {33},
 number = {4},
 year = {2001},
 issn = {0097-8418},
 pages = {14--15},
 doi = {http://doi.acm.org/10.1145/572139.572150},
 publisher = {ACM Press},
 address = {New York, NY, USA},
 }



@book{Rob93,
 author=    {Robson C.},
 title=     {{Real World Research: a Resource for Social Scientists and Practitioners-Researchers}},
 publisher= {{Blackwell}},
 year=      {1993},
}

@book{Boe81,
 author=    {B. Boehm},
 title=     {{Software Engineering Economics}},
 publisher= {{Prentice-Hall}},
 year=      {1981},
}

@book{Masetto98,
 author=    {M. Masetto},
 title=     {{Docência na Universidade}},
 publisher= {{Papi}},
 year=      {1998},
}

@inproceedings{HolFra96,
    author=     {Hollenbach C. and Frakes W.},
    title=      {{Software Process Reuse in an Industrial Setting}},
    booktitle=  {{Fourth International Conference on Software Reuse, IEEE Computer Society Press}},
    pages=      {22--30},
    year=       {1996},
}


@inproceedings{Sin98,
    author=     {Singer J.},
    title=      {{Practices of Software Maintenance}},
    booktitle=  {{Proceedings of International Conference on Software Maintenance}},
    pages=      {139--145},
    publisher=  {IEEE Computer Society Press},
    year=       {1998},
}

@inproceedings{Sea02,
    author=     {Seaman C.},
    title=      {{The Information Gathering Strategies of Software Maintainers}},
    booktitle=  {{Proceedings of International Conference on Software Maintenance}},
    pages=      {141--149},
    publisher=  {IEEE Computer Society Press},
    year=       {2002},
}

@ARTICLE{Hend2000,
  author =       {Henderson L. G. R.},
  title =        {{Requirements Elicitation in Open-Source Programs}},
  journal =      {CrossTalk -- The Journal of Defense Software Engineering},
  year =         {2000},
}


@incollection{Nil94,
  author=       {Nielsen J.},
  title=        {{Heuristic Evaluation}},
  booktitle=    {Usability Inspection Methods},
  publisher=    {Nielsen J. and Mack R. L. (editors), John Wiley and Sons},
  pages=                {25--62},
  year=         {1994},
}

@incollection{Wha94,
  author=       {Wharton C. and Rieman J. and Lewis C. and Polson P. },
  title=        {{The Cognitive Walkthrough Method: A Practictioner's Guide}},
  booktitle=    {Usability Inspection Methods},
  publisher=    {Nielsen J. and Mack R. L. (editors), John Wiley and Sons},
  pages=                {105--140},
  year=         {1994},
}

@book{Woh2000,
 author=    {C. Wohlin and P. Runeson and M. Host and M. C. Ohlsson and B. Regnell and A. Wesslén},
 title=     {{Experimentation in Software Engineering}},
 publisher= {{Kluwer Academic Publishers}},
 year=      {2000},
}

@book{Jac75,
 author=    {Jackson M. A.},
 title=     {{Principles of Program Design}},
 publisher= {{Academic Press}},
 year=      {1975},
}

@book{Den94,
 author=    {Denzin N. K. and Lincoln Y. S.},
 title=     {{Handbook of Qualitative Research}},
 publisher= {{Sage Publications}},
 year=      {1994},
}

@book{Cres94,
 author=    {Creswell J. W.},
 title=     {{Research Design, Qualitative and Quantitative Approaches}},
 publisher= {{Sage Publications}},
 year=      {1994},
}


@book{Hum97,
 author=    {Humphrey W. S.},
 title=     {{Introduction to the Personal Software Process}},
 publisher= {{Addison-Wesley Publishing Company}},
 year=      {1997},
}

@book{RumBlaPreEdd91,
 author=    {J. Rumbaugh and M. Blaha and W. Premerlani and F. Eddy},
 title=     {{Object-Oriented Modeling and Design}},
 publisher= {{Prentice-Hall}},
 year=      {1991},
}

@book{Fil01,
 author=    {W. P. Paula Filho},
 title=     {{Engenharia de Software -- Fundamentos, Métodos e Padrões}},
 publisher= {{LTC}},
 year=      {2001},
}

@inproceedings{Fil02,
    author=     {Paula Filho W. P.},
    title=      {{An Educational Software Development Process}},
    booktitle=  {{Proceedings of the ACIS International Conference on Computer Science, Software Engineering, Information Technology, E-Business and Applications (CSITeA'02)}},
    year=       {2002},
}

@ARTICLE{TraFarLee93,
  author =       {E. M. Trauth and D. W. Farwell and D. Lee},
  title =        {{The IS Expectation Gap: Industry Expectations Versus Academic Preparation}},
  journal =      {MIS Quarterly},
  year =         {1993},
  pages =        {293--303},
}


@inproceedings{dan2004,
    author=     {V. Danntas},
    title=      {{easYProcess: Um Processo de Desenvolvimento para Uso no Ambiente
Acadêmico}},
    booktitle=  {{XII WEI - Workshop de Educação em Computação -- XXIV Congresso da Sociedade Brasileira de Computação
}},
    year=       {2004},
}

@book{Hum95,
 author=    {W. S. Humphrey},
 title=     {{A Discipline for Software Engineering}},
 publisher= {{Addison-Wesley Publishing Company}},
 year=      {1995},
}

@book{hum99,
 author=    {W. S. Humphrey},
 title=     {{Introduction to the Team Software Process}},
 publisher= {{Addison-Wesley Publishing Company}},
 year=      {1999},
}

@techreport{DuSo04,
  author =       {M. E. Soeke and R. C. Durscki},
  title =        {{Processo de Produção de Projetos Computacionais Acadêmicos}},
  institution =  {Pontifícia Universidade Católica do Paraná},
  year =         {2003},
  type =         {Computer Science Technical Report},
}

@techreport{Lew82,
  author =       {{C. Lewis}},
  title =        {{Using the Thinking-Aloud Method in Cognitive Interface Design}},
  institution =  {IBM Thomas J. Watson Research Center},
  year =         {1982},
  type =         {Computer Science Technical Report},
  number =       {IBM Research Report RC 9265 (#40713)}
}


@article{AthPlo2000,
 author = {S. Athey and J. Plotnicki},
 title = {{An Evaluation of Research Productivity in Academic IT}},
 journal = {Communications of the Association for Information Systems},
 volume = {3},
 year = {2000},
 pages = {1--20},
 publisher = {Association for Information Systems},
 }

@article{KosAirJuk04,
 author = {J. Koskinen and A. Salminen and J. Paakki},
 title = {{Hypertext Support for the Information Needs of Software Maintainers}},
 journal = {{Journal of Software Maintenance and Evolution: Research and Practice}},
 volume = {16},
 year = {2004},
 pages = {187--215},
 publisher = {John Wiley \& Sons},
 }



@MISC{Fumagalli2003,
   author  = {L. C. Fumagalli},
   title   = {{Investigação sobre Recuperação de Design Rationale de Documentos
de Software}},
   year    = {2003},
   howpublished = {Qualificação de Mestrado},
   address        =  {São Carlos - SP},
   note    = {{Instituto de Ciências Matemáticas e de Computação - Universidade
de São Paulo, São Carlos - SP}},
}

@ARTICLE{LindSan98,
  author =       {M. Lindvall and K. Sandahl},
  title =        {{How Well do Experienced Software Developers Predict Software Change?}},
  journal =      {The Journal of Systems and Software},
  year =         {1998},
  number =       {43},
  pages =        {19--27},
}


@ARTICLE{AdeSol85,
  author =       {B. Adelson and E. Soloway},
  title =        {{The Role of Domain Experience in Software Design}},
  journal =      {IEEE Transactions on Software Engineering},
  year =         {1985},
  volume=        {11},
  number =       {11},
  pages =        {1351--1360},
}

@ARTICLE{KosSalPaa04,
  author =       {J. Koskinen and A. Salminen and J. Paakki},
  title =        {{Hypertext Support for the Information Needs of Software Maintainers}},
  journal =      {Journal of Software Maintenance and Evolution: Research and Practice},
  year =         {2004},
  volume=        {16},
  pages =        {187--215},
}


@MISC{Lara2003,
   author  = {S. M. A. Lara},
   title   = {{Um Suporte à Captura Informal de Design Rationale}},
   year    = {2003},
   howpublished = {Qualificação de Mestrado},
   address        =  {São Carlos - SP},
   note    = {{Instituto de Ciências Matemáticas e de Computação - Universidade
de São Paulo, São Carlos--SP}},
}

@MISC{SSilva2003,
   author  = {S. R. Q. M. Silva},
   title   = {{Implementação de Controle de Versão na Ferramenta DocRationale Usando o CVS}},
   year    = {2003},
   howpublished = {Qualificação de Mestrado},
   address        =  {São Carlos--SP},
   note    = {{Instituto de Ciências Matemáticas e de Computação Universidade de São Paulo, São Carlos - SP}},
}

@inproceedings{FumPanForl2002,
    author=     {L. C. Fumagalli and L. T. E. Pansanato and R. P. M. Fortes},
    title=      {{Documentation Process in Interactive Systems - A Case Study to Abstract its Structure}},
    booktitle=  {{Proceedings of the 2nd International Information and Telecommunication Technologies Symposium (I2TS 2003)}},
    year=       {2003},
}

@MISC{Silva2003,
   author  = {M. A. G. Silva},
   title   = {{Uma Investigação sobre Engenharia de Requisitos com Apoio de
Hiperdocumentos}},
   year    = {2003},
   howpublished = {Qualificação de Mestrado},
   address        =  {São Carlos - SP},
   note    = {{Instituto de Ciências Matemáticas e de Computação - Universidade de
São Paulo, São Carlos - SP}},
}

@inproceedings{NatFal2003,
    author=     {A. C. C. Natali and R. A. Falbo},
    title=      {{Gerência de Conhecimento em ODE}},
    booktitle=  {Anais do 17º Simpósio Brasileiro de Engenharia de Software},
    year=       {2003},
    pages=      {270--285},
}

@misc{ISO14598,
    AUTHOR      = {{ISO/IEC 14598}},
    TITLE       = {{ISO/IEC 14598: Information Technology, Software Product Evaluation}},
    YEAR        = {1996},
}

@misc{CMMI2002,
   author={{CMMI}},
   title= {{Capability Maturity Model Integration, CMU/SEI-2002-TR-011 ESC-TR-2002-011}},
   year= {2002},
}

@misc{ISO15939,
    AUTHOR      = {{ISO/IEC}},
    TITLE       = {{ISO/IEC 15939 Software Engineering -- Software Measurement Process}},
    YEAR        = {2002}
}

@misc{abnt14724,
    AUTHOR      = {{Associação Brasileira de Normas Técnicas}},
    TITLE       = {{NBR 14724: Informação e Documentação -- Trabalhos acadêmicos -- Apresentação}},
    YEAR        = {2002},
    PAGES       = {6 páginas},
}

@misc{abnt6023,
    AUTHOR      = {{Associação Brasileira de Normas Técnicas}},
    TITLE       = {{NBR 6023: Informação e Documentação -- Referências -- Elaboração}},
    YEAR        = {2002},
    PAGES       = {24 páginas},
}


@misc{ISO12207AMD,
    AUTHOR      = {{ISO/IEC 12207}},
    TITLE       = {{ISO/IEC 12207 Information Technology -- Software Life Cycle Processes: Amendment 1}},
    YEAR        = {2002}
}

@misc{ISO15288,
    AUTHOR      = {{ISO/IEC 15288}},
    TITLE       = {{ISO/IEC 15288 Systems Engineering -- System Life Cycle Processes}},
    YEAR        = {2002}
}

@misc{ISO9126,
   author = {{ISO/IEC}},
   title= {{ISO/IEC 9126 Information Technology -- Software Product
           Evaluation -- Quality Characteristics and Guidelines for their Use}},
   year= {1991},
}

@inproceedings{Mark1999,
    author=     {M. Markkula},
    title=      {{Knowledge Management in Software Engineering Projects}},
    booktitle=  {{Proceedings of the 11th International Conference on Software Engineering and Knowledge Engeneering - SEKE´99}},
    year=       {1999},
}

@ARTICLE{Rus2002,
  author =       {I. Rus and M. Lindvall},
  title =        {{Knowledge Management in Software Engineering}},
  journal =      {IEEE Software},
  year =         {2002},
  volume =       {19},
  number =       {3},
  pages =        {26--38},
}

@ARTICLE{PerStaVot94,
  author =       {D. E. Perry and N. Staudenmayer and L. Votta},
  title =        {{People, Organizations and Process Improvement}},
  journal =      {IEEE Software},
  year =         {1994},
  volume =       {11},
  number =       {4},
  pages =        {36--45},
}

@inproceedings{NatFal2002,
    author=     {A. C. C. Natali and R. A. Falbo},
    title=      {{Gerência de Conhecimento de Qualidade de Software}},
    booktitle=  {{Proceedings of the 2nd Ibero-American Symposium on Software Engineering and Knowledge Engineering}},
    year=       {2002},
}

@phdthesis{falb98,
    author= {R. A. Falbo},
    title= {{Integração de Conhecimento em um Ambiente de Desenvolvimento de Software}},
    school={Universidade Federal do Rio de Janeiro},
    note = {203 páginas},
    year ={1998},
}

@inproceedings{BorFal2002,
    author=     {L. S. Borges and R. A. Falbo},
    title=      {{Managing Software Process knowledge}},
    booktitle=  {{Proceedings of the International Conference on Computer Science, Software Engineering, Information Technology, e-Business, and Applications - CSITeA'2002}},
    year=       {2002},
    pages=      {227--232},
}

@article{bir02,
author = {A. Birk and T. Dingsoyr and T. Stalhane},
title = {{Postmortem: Never Leave a Project without it}},
journal = {IEEE Software},
volume = {19},
number = {3},
year = {2002},
publisher = {IEEE Press},
}

@article{col96,
author = {B. Collier and T. DeMarco and P. Fearey},
title = {{A Defined Process for Project Postmortem Review}},
journal = {IEEE Software},
volume = {13},
number = {4},
pages = {65--72},
year = {1996},
publisher = {IEEE Press},
}

@article{des05,
author = {K. C. Desouza and T. Dingsoyr and Y. Awazu},
title = {{Experiences with Conducting Project Postmortems: Reports versus Stories}},
journal = {Software Process: Improvement and Practice},
volume = {10},
number = {2},
pages = {203--215},
year = {2005},
publisher = {John Wiley \& Sons}
}

@inproceedings{WanAltBar99,
    author=     {C. G. Wangenheim and K. D. Althoff and R. M. Barcia},
    title=      {{Intelligent Retrieval of Software Engineering Experienceware}},
    booktitle=  {{Proceedings of the 11th International Conference on Software Engineering and Knowledge Engeneering - SEKE´99}},
    year=       {1999},
}

@book{PauWebCurChi95,
 author=    {M. C. Paulk and C. V. Weber and B. Curtis and M. B. Chrissis},
 title=     {{The Capability Maturity Model: Guidelines for Improving the Software Process/CMU/SEI}},
 publisher= {{Addison-Wesley Publishing Company}},
 year=      {1995},
}

@book{DavPru98,
 author=    {T. H. Davenport and L. Prusak},
 title=     {{Working Knowledge: How Organizations Manage What they Know}},
 publisher= {{Harvard Business School Press}},
 year=      {1998},
}

@book{Pad2000,
 author=    {E. M. M. Pádua},
 title=     {{Metodologia da Pesquisa: Abordagem Teórico-Prática}},
 publisher= {Papirus},
 edition=   {6},
 year=      {2000},
}

@book{cerber1983,
 author=    {A. Cervo and P. A. Bervian},
 title=     {{Método Científico}},
 publisher= {MacGraw-Hill},
 edition=   {{3 }},
 year=      {1983},
}

@book{CurWilMil95,
 author=    {B. Curtis and W. Hefley and S. Miller},
 title=     {{People Capability Maturity Model, CMU/SEI-95-MM-002}},
 publisher= {SEI publications},
 year=      {1995},
}

@book{Cooper99,
 author=    {J. Cooper and M. Fisher and S. W. Sherer (editors)},
 title=     {{Software Acquisition Capability Maturity Model, CMU/SEI-99-TR-002}},
 publisher= {SEI publications},
 year=      {1999},
}

@book{kuhn1996,
 author=    {D. A. Kuhn and C. Wells and J. Armitage and K. Cusick and S. Garcia and M. Hanna and P. Malpass and H. Pierson},
 title=     {{A Description of the Systems Engineering Capability Maturity Model Appraisal Method Version 1.1, CMU/SEI-96-HB-004}},
 publisher= {SEI publications},
 year=      {1996},
}

@inproceedings{Villas-Boas2001,
 author=    {A. Villas-Boas and J. M. Gonçalves and J. R. G. Parra and M. L. Côrtes and R. Moreda and R. Marche and M. S. G. Piccolo},
 title=     {{Uma Avaliação CMM de baixo custo: a abordagem do CPqD}},
 booktitle= {Anais do VIII Workshop de Qualidade de Software},
 year=          {2001},
 pages=     {51--61},
}

@BOOK{Rocha01QSTP,
    AUTHOR      = {Ana Regina Cavalcanti Rocha and José Carlos Maldonado and Kival Chaves Weber},
    TITLE       = {{Qualidade de Software: Teoria e Prática}},
    PUBLISHER   = {Person Education do Brasil/Makron Books},
    YEAR        = {2001},
    ADDRESS     = {São Paulo},
    EDITION     = {1},
}

@article{BibHad2002,
 author = {Erol Biberoglu and Hisham Haddad},
 title = {{A Survey of Industrial Experiences with CMM and the Teaching of CMM Practices}},
 journal = {J. Comput. Small Coll.},
 volume = {18},
 number = {2},
 year = {2002},
 pages = {143--152},
 publisher = {The Consortium for Computing in Small Colleges},
 }

@article{Zhi2003,
 author = {Zhou Zhiying},
 title = {{CMM in Uncertain Environments}},
 journal = {Commun. ACM},
 volume = {46},
 number = {8},
 year = {2003},
 issn = {0001-0782},
 pages = {115--119},
 publisher = {ACM Press},
}

@article{BasHej1999,
 author = {Richard Baskerville and Jan Pries-Heje},
 title = {{Knowledge Capability and Maturity in Software Management}},
 journal = {SIGMIS Database},
 volume = {30},
 number = {2},
 year = {1999},
 issn = {0095-0033},
 pages = {26--43},
 publisher = {ACM Press},
 }

@book{Dem82,
  author=    {W. E. Deming},
  title=     {{Out of the Crisis: Quality, Productivity and Competitive Position}},
  publisher= {Cambridge University Press},
  year=      {1982},
}

@misc{ISO15504,
  author = {{ISO/IEC 15504}},
  title = {{ISO/IEC 15504 Information Technology -- Process Assessment, Parts 1--4}},
  year = {2004},
}

@misc{ISO12207,
  author = {{ISO/IEC 12207}},
  title = {{ISO/IEC 12207} {I}nformation Technology -- Software Life-Cycle Processes},
  year = {1995},
}

@inproceedings{Azu96,
   author=     {M. Azuma},
   title=      {{Software Products Evaluation System: Quality Models, Metrics and Processes-International Standards and Japanese Practice}},
   booktitle=  {Information and Software Technology},
   volume=     {38},
   pages=      {145-154},
   year=       {1996},
}

@inproceedings{FraIzePaiFor2003Clei,
 author = {S. D. Francisco and C. A. Izeki, and D. M. B. Paiva and R. P. M. Fortes},
 title = {{A System for Supporting Design Rationale of Software Artifacts}},
 booktitle = {XXIX Latin-American Conference on Informatics},
 year = {2003},
 note= {In portuguese},
}

@inproceedings{mpsclei06,
 author = {K. Weber and E. Araújo and A. R. Rocha and K. Oliveira and A. C.
Rouiller and C. G. von Wangenheim and R. Araújo and C. Salviano and C.
F. Machado and D. Scalet and O. Galarraga and M. P. Amaral and D.
Yoshida},
 title = {{Melhoria de Processo do Software Brasileiro (MPS.BR):
um Programa Mobilizador}},
 booktitle = {XXXII Latin-American Conference on Informatics -- CLEI 2006},
 year = {2006},
 }

@inproceedings{paiturfor06,
 author = {D. M. B. Paiva and M. A. S. Turine and R. P. M. Fortes},
 title = {{Processo de Software Livre em Ambiente Acadêmico: Experiências e Lições Aprendidas}},
 booktitle = {XXXII Latin-American Conference on Informatics -- CLEI 2006},
 year = {2006},
 address = {Santiago, Chile},
 }

@inproceedings{FraIzePaiFor2003a,
 author = {S. D. Francisco and C. A. Izeki, and D. M. B. Paiva and R. P. M. Fortes},
 title = {{Um Sistema de Apoio à Utilização de Design Rationale de Artefatos de Software}},
 booktitle = {XXIX Conferência Lationoamericana de Informática (Clei 2003)},
 year = {2003},
}

@inproceedings{PaiSanFor2003,
 author = {D. M. B. Paiva and R. Sanches and R. P. M. Fortes},
 title = {{Melhoria de Processo de Software no Contexto do Desenvolvimento Acadêmico de uma Agenda na Web}},
 booktitle = {XIV Congresso Internacional de Tecnologia de Software (CITS 2003)},
 year = {2003},
 address = {Curitiba - PR},
 pages= {56--68},
}

@inproceedings{ChaMauMel03,
 author = {T. Chau and F. Maurer and G. Melnik},
 title = {{Knowledge Sharing: Agile Methods vs. Tayloristic Methods}},
 booktitle = {Proceedings of the Twelfth IEEE International Workshop on Enabling Technologies: Infrastructure for Collaborative Enterprises},
 year = {2003}
}

@inproceedings{Sau03,
 author = {Thomas Sauer},
 title = {Using Design Rationales for Agile Documentation},
 booktitle = {WETICE '03: Proceedings of the Twelfth International Workshop on Enabling Technologies},
 year = {2003},
 isbn = {0-7695-1963-6},
 pages = {326--331},
 publisher = {IEEE Computer Society},
 address = {Washington, DC, USA},
 }

@inproceedings{Per97,
 author = {J. M. Perpich and D. E. Perry and A. A. Porter and L. G. Votta and M. W. Wade},
 title = {{Anywhere, Anytime Code Inspections: Using the Web to Remove Inspection Bottlenecks in Large-scale Software Development}},
 booktitle = {{ICSE97: Proceedings of the 19th International Conference on Software Engineering}},
 year = {1997},
 isbn = {0-89791-914-9},
 pages = {14--21},
 address = {Boston, Estados Unidos},
 publisher = {ACM Press},
  }

@inproceedings{PaiFor05,
 author = {D. M. B. Paiva and R. P. M. Fortes},
 title = {{Design Rationale in Software Enginnering: A Case Study}},
 booktitle = {Seventeenth International Conference on Software Engineering and Knowledge Engineering},
 year = {2005},
 address = {Taipei, Taiwan},
 pages ={342--348},
}

@inproceedings{FraIzePaiFor2003bSbes,
 author = {S. D. Francisco and C. A. Izeki, and D. M. B. Paiva and R. P. M. Fortes},
 title = {{DocRationale: Supporting Design Rationale for Software Documentation}},
 booktitle = {X Tools Session - XVII Brasilian Symposium on Software Engineering},
 year = {2003},
 pages = {61--66},
 note= {In portuguese},
}


@inproceedings{FraIzePaiFor2003b,
 author = {S. D. Francisco and C. A. Izeki, and D. M. B. Paiva and R. P. M. Fortes},
 title = {{DocRationale: Um Auxílio a Design Rationale na Documentação de Software}},
 booktitle = {X Sessão de Ferramentas -- XVII Simpósio Brasileiro de Engenharia de Software (SBES2003)},
 year = {2003},
 pages = {61--66},
}

@inproceedings{For04,
 author = {R. P. M. Fortes and A. P. Freire and V. H. Vieira and D. M. B. Paiva},
 title = {{An Academic Web-Based Agenda and its Engineering Process}},
 booktitle = {{VII Workshop Ibero Americano de Ingeniería de Requisitos Y Desarrollo de Ambientes de Software}},
 year = {2004},
 address = {Arequipa, Peru},
 pages = {151--156},
 }

@inproceedings{pfsf04,
 author = {D. M. B. Paiva and A. P. Freire and R. Sanches and R. P. M. Fortes},
 title = {{Defining, Deploying and Improving Software Processes in Academic Setting}},
 booktitle = {{VI International Symposium on Software Process Improvement}},
 year = {2004},
 pages = {71--82},
 }

@inproceedings{pfsf04a,
 author = {D. M. B. Paiva and A. P. Freire and R. Sanches and R. P. M. Fortes},
 title = {{Definindo, Implantando and Melhorando Processos de Software em Ambiente Acadêmico}},
 booktitle = {{VI Simpósio Internacional em Melhoria de Processo de Software -- SIMPROS}},
 address = {São Paulo - SP},
 year = {2004},
 pages = {71--82},
 }

@article{CanCasLuc2000,
    author =    {Gerardo Canfora and Gerardo Casazza and Andrea de Lucia},
    title  =    {{A Design Rationale Based Environment for Cooperative Maintenance}},
    journal =   {International Journal of Software Engineering and Knowledge Engineering},
    volume =    {10},
    number =    {5},
    publisher = {World Scientific Publishing Company},
    pages =     {627--645},
    year =      {2000},
}

@article{LeeLai91,
    author =    {J. Lee and K. Lai},
    title  =    {{What's in Design Rationale?}},
    journal =   {Human-Computer Interaction},
    volume =    {6},
    pages =     {251--280},
    year =      {1991},
}

@book{DixFinAboBea98,
 author=    {A. Dix and J. Finlay and G. Abowd and R. Beale},
 title=     {{Human-Computer Interaction}},
 publisher= {Prentice Hall},
 year=      {1998},
 edition=   {{2}},
}

@book{Som2000,
 author=    {I. Sommerville},
 title=     {{Software Engineering}},
 publisher= {Addison Wesley},
 year=      {2003},
 edition=   {{6}},
}

@inproceedings{Fug2000,
 author = {Alfonso Fuggetta},
 title = {{Software Process: A Roadmap}},
 booktitle = {{Proceedings of the Conference on the Future of Software Engineering}},
 year = {2000},
 isbn = {1-58113-253-0},
 pages = {25--34},
 address = {Limerick, Irlanda},
 doi = {http://doi.acm.org/10.1145/336512.336521},
 publisher = {ACM Press},
 }

@inproceedings{Boe05,
  author    = {B. R. Boehm},
  title     = {{The Future of Software Processes}},
  booktitle = {International Software Process Workshop},
  year      = {2005},
  address = {Beijing, China},
  pages     = {10-24},
  note        = {http://dx.doi.org/10.1007/11608035\_2},
}



@article{KunRit70,
  author =   {W. Kunz and W. Rittel},
  title =    {{Issues as Elements of Information Systems}},
  journal =  {Working paper 131},
  year =     {August 1970},
  note =     {{Center for Planning and Development Research, University of California, Berkeley}},
}

@techreport{BurBro2002,
  author =       {J. Burge and D. C. Brown},
  title =        {{Discovering a Research Agenda for Using Design Rationale in Software Maintenance}},
  institution =  {Worcester Polytechnic University},
  year =         {2002},
  type =         {Computer Science Technical Report},
  number =       {WPI-CS-TR-02-03},
}

@article{GarSou1997,
 author = {A.C.B. Garcia and C.S. Souza},
 title = {{Add+: Including Rhetorical Structures in Active Documents}},
 journal = {Artificial Intelligence for Engineering Design, Analysis and Manufacturing},
 year = {1997},
 volume = {11},
 number = {2},
 pages = {109--124},
}

@inproceedings{Burg2001,
    author=    {J. Burge},
    title=     {{Design Rationale for Software Maintenance}},
    booktitle= {Doctoral Symposium Abstract: Automated Software Engineering},
    year=      {2001},
}


@inproceedings{SutRya98,
 author = {A. G. Sutcliffe and M. Ryan},
 title = {{Experience with SCRAM, a SCenario Requirements Analysis Method}},
 booktitle = {Proceedings of the 3rd International Conference on Requirements Engineering},
 year = {1998},
 isbn = {0-8186-8356-2},
 pages = {164--171},
 publisher = {IEEE Computer Society},
 }


@inproceedings{PaulaFilho01,
 author = {W. P. Paula Filho},
 title = {{Requirements for an Educational Software Development Process}},
 booktitle = {Proceedings of The 6th Annual Conference on Innovation and Technology in Computer Science Education},
 address = {Canterbury, Inglaterra},
 year = {2001},
}

@inproceedings{Sut95,
 author = {Alistair Sutcliffe},
 title = {{Requirements Rationales: Integrating Approaches to Requirement Analysis}},
 booktitle = {Proceedings of the Conference on Designing Interactive Systems},
 year = {1995},
 isbn = {0-89791-673-5},
 pages = {33--42},
 address = {Ann Arbor, Estados Unidos},
 doi = {http://doi.acm.org/10.1145/225434.225439},
 publisher = {ACM Press},
 }

@inproceedings{CamClaMarHir94,
    author=    {S. Campos and E. Clarke and W. Marrero and M. Minea and H. Hiraishi},
    title=     {{Computing Quantitative Characteristics of Finite-State Real-Time Systems}},
    booktitle= {Proceedings of the Real-Time Systems Symposium},
    month=     {December},
    publisher= {IEEE Computer Society Press},
    year=      {1994},
 }

@inproceedings{GupVadPenYeu2001,
    author=    {A. Gupta and S.Vadhavkar and F. Peña-Mora and J. Yeung},
    title=     {{An Integrated Framework to Support Distributed CAD over the Internet}},
    booktitle= {International Workshop on Enabling Technologies: Infrastructure for Collaborative Enterprises},
    year =     {2001}
}

@article{ShuHam94,
    author =    {S. J. Buckingham-Shum and N. Hammond},
    title  =    {{Argumentation-Based Design Rationale: What Use at What Cost?}},
    journal =   {Human-Computer Studies},
    volume =    {40},
    number =    {4},
    pages =     {603--652},
    year =      {1994},
}

@article{ClaGruLon94,
    author =    {E. M. Clarke and O. Grumberg and D. E. Long},
    title  =    {{Model Checking and Abstraction}},
    journal =   {ACM Transactions on Programming Languages and Systems},
    volume =    {16},
    number =    {5},
    month =     {September},
    publisher = {ACM Press},
    pages =     {1512--1542},
    year =      {1994},
}

@article{ChuGoo1998,
    author =    {P.W.H. Chung and R. Goodwin},
    title  =    {{An Integrated Approach to Representing and Accessing Design Rationale}},
    journal =   {Engineering Applications of Artificial Intelligence},
    volume =    {11},
    number =    {1},
    month =     {February},
    pages =     {149--159},
    year =      {1998},
}

@INPROCEEDINGS{Bal1999,
  author =       {L. Ball and N. Lambell and T. Ormerod and S. Slavin and J. Mariani},
  title =        {{Representing Design Rationale to Support Innovative Design Reuse: A Minimalist Approach}},
  booktitle =    {Proceedings of the 4th Annual Design Research Thinking Symposium - MIT},
  year =         {1999},
}

@inproceedings{StoFurRui92,
    author =    {P. D. Stotts and R. Furuta and J. C. Ruiz},
    title =     {{Hyperdocuments as Automata: Trace-Based Browsing Property Verification}},
    booktitle = {European Conference on Hypertext},
    pages =     {272--281},
    year =      {1992},
}

@inproceedings{Lee90,
    author =    {J. Lee},
    title =     {{SIBYL: A Tool for Managing Group Decision Rationale}},
    booktitle = {Proceedings of the Third Conference on Computer Supported Cooperative Work},
    month=      {October},
    address=    {Los Angels},
    pages =     {79--981},
    year =      {1990},
}

@inproceedings{katHor2002,
  author = {Yoshikiyo Kato and Koichi Hori and Kohei Taketa},
  title = {{Capturing Design Rationale by Annotating E-mails}},
  booktitle = {Proceedings of the 6th World Multiconference on Systemics, Cybernetics and Informatics},
  year = {2002},
}

@inproceedings{Mye1999,
    author = {Karen L. Myers and Nina B. Zumel and Pablo Garcia},
    title = {{Automated Capture of Rationale for the Detailed Design Process}},
    booktitle = {Proceedings of the Eleventh Conference on Innovative Applications of Artificial Intelligence},
    pages = {876-883},
    year = {1999},
}

@incollection{DuPae2000,
    author=     {A. H. Dutoit and Barbara Paech},
    title=      {{Rationale Management in Software Engineering}},
    booktitle=  {Handbook of Software Engineering and Knowledge Engineering},
    year=       {2000},
    publisher=  {World Scientific Publishing Company},
    pages =    {787--816},
}

@incollection{PesSpi2001,
    author=     {M. S. P. Pessoa and M. M. Spinola},
    title=      {{Capítulo CMM}},
    booktitle=  {{Qualidade de Software: Teoria e Prática}},
    year=       {2001},
    publisher=  {Prentice Hall},
    pages=      {22--28},
    note= {{In:} Rocha et al (2001)},
}

@incollection{Roch01,
    author=     {A. R. C. Rocha and K. Oliveira and L. F. Machado and G. S. Souza and G. H. Travassos and R. Falbo and F. Rapchan and C. Menezes},
    title=      {{Automatização da Definição de Processos de Software}},
    booktitle=  {{Qualidade de Software: Teoria e Prática}},
    year=       {2001},
    publisher=  {Prentice Hall},
    pages=      {192--199},
    note= {{In:} Rocha et al (2001)},
}

@incollection{Bas94,
    author=     {V. Basili},
    title=      {{Goal, Question, Metric Paradigm}},
    booktitle=  {{The Encyclopedia of Software Engineering}},
    year=       {1994},
    publisher=  {John Wiley e Sons},
}

@inbook{PesSpi2001,
    author=     {M. S. P. Pessoa and M. M. Spinola},
    chapter=    {{CMM}},
    year=       {2001},
    pages=      {22--28},
    crossref =     {Rocha01QSTP},
}

@inbook{PesSpi2001,
    author=     {M. S. P. Pessoa and M. M. Spinola},
    chapter=    {{CMM}},
    year=       {2001},
    pages=      {22--28},
    crossref =     {Rocha01QSTP},
}

@inbook{Machado01,
    author=     {C. A. F. Machado},
    chapter=    {{NBR ISO/IEC 12207 - Processo de Ciclo de Vida de Software}},
    year=       {2001},
    pages=      {9--16},
    crossref =     {Rocha01QSTP},
}

@Incollection{Machado01ISO12207a,
  author  =      {C. A. F. Machado},
  title = {{NBR ISO/IEC 12207 - Processo de Ciclo de Vida de Software}},
  booktitle=  {{Qualidade de Software: Teoria e Prática}},
  pages =        {9--16},
  publisher=  {Prentice Hall},
  year =         {2001},
  crossref =     {Rocha01QSTP},
}

@Incollection{brei06,
  author  =      {H. Breitling and A. Kornstadt and J. Sauer},
  title = {{Design Rationale in Exemplary Business Process Modeling}},
  booktitle=  {{Rationale Management in Software Engineering}},
  pages =        {191--208},
  publisher=  {Springer},
  year =         {2006},
}

@Incollection{dut06,
  author  =      {A. H. Dutoit and R. McCall and I. Mistrík and B. Paech},
  title = {{Rationale Management in Software Engineering: Concepts and Techniques}},
  booktitle=  {{A. H. Dutoit and R. McCall and I. Mistrík and B. Paech (eds.), Rationale Management in Software Engineering}},
  pages =        {1--48},
  publisher=  {Springer},
  year =         {2006},
}

@Incollection{hay06,
  author = {S. R. Haynes},
  title  =      {Three Studies of Design Rationale as Explanation},
  booktitle=  {{A. H. Dutoit and R. McCall and I. Mistrík and B. Paech (eds.), Rationale Management in Software Engineering}},
  pages =        {53--71},
  publisher=  {Springer},
  year =         {2006},
}

@Incollection{bas06,
  author  =      {L. Bass and P. Clements and R. L. Nord and J. Stafford},
  title = {{Capturing and Using Rationale for a Software Architecture}},
  booktitle=  {{A. H. Dutoit and R. McCall and I. Mistrík and B. Paech (eds.), Rationale Management in Software Engineering}},
  pages =        {255--272},
  publisher=  {Springer},
  year =         {2006},
}


@Incollection{hag06,
  author  =      {L. Hagge and F. Houdek and K. Lappe and B. Paech},
  title = {{Using Patterns for Sharing Requirements Engineering Process Rationales}},
  booktitle=  {{A. H. Dutoit and R. McCall and I. Mistrík and B. Paech (eds.), Rationale Management in Software Engineering}},
  pages =        {409--427},
  publisher=  {Springer},
  year =         {2006},
}

@Incollection{burlivro,
  author  =      {J. E. Burge and D. C. Brown},
  title = {{Rationale-Based Support for Software Maintenance}},
  booktitle=  {{A. H. Dutoit and R. McCall and I. Mistrík and B. Paech (eds.), Rationale Management in Software Engineering}},
  pages =        {273--296},
  publisher=  {Springer},
  year =         {2006},
}

@Incollection{van06,
  author  =      {J. S. van der Ven and A. G. J. Jansen and J. A. G. Nijhuis and J. Bosch},
  title = {{Design Decisions: The Bridge Between Rationale and Architecture}},
  booktitle=  {{A. H. Dutoit and R. McCall and I. Mistrík and B. Paech (eds.), Rationale Management in Software Engineering}},
  pages =        {329--348},
  publisher=  {Springer},
  year =         {2006},
}

@Incollection{ngu06,
  author  =      {L. Nguyen and P. A. Swatman},
  title = {{Promoting and Supporting Requirements Engineering Creativity}},
  booktitle=  {{A. H. Dutoit and R. McCall and I. Mistrík and B. Paech (eds.), Rationale Management in Software Engineering}},
  pages =        {209--230},
  publisher=  {Springer},
  year =         {2006},
}

@article{Joh96,
  author =       {C. W. Johnson},
  title =        {{Literate Specifications}},
  journal =      {Software Engineering Journal},
  year =         {1996},
  volume =       {11},
  number =       {4},
  pages =        {225--237},
  month =        {July},
}

@inproceedings{Han97,
    author =    {J. Han},
    title =     {{Designing for Increased Software Maintainability}},
    booktitle = {Proceedings of the International Conference on Software Maintenance},
    pages =     {278--286},
    year =      {1997},
}

@inproceedings{Kar96,
    author =    {L. Karsenty},
    title =     {{An Empirical Evaluation of Design Rationale Documents}},
    booktitle = {Proceedings of the ACM Conference on Human Factors in Computing Systems (CHI'96)},
    month=      {April},
    address=    {Vancouver, BC},
    pages =     {13--18},
    year =      {1996},
}


@article{Shu97,
  author =       {S. B. Shum},
  title =        {{Balancing Formality with Informality: User-Centred Requirements for Knowledge Management Techniques}},
  journal =      {Artificial Intelligence in Knowledge Management},
  year =         {1997},
  publisher =    {AAAI Press},
}

@article{ClaEmeSis86,
    author =    {E. M. Clarke and E. A. Emerson and A. P. Sistla},
    title  =    {{Automatic Verification of Finite-State Concurrent Systems Using Temporal Logic Specifications}},
    journal =   {ACM Transactions on Programming Languages and Systems},
    volume =    {8},
    number =    {2},
    month =     {April},
    publisher = {ACM Press},
    pages =     {233--263},
    year =      {1986},
}

@techreport{GruRus91,
  author =       {T. R. Gruber and D. M. Russel},
  title =        {{Design Knowledge and Design Rationale: A Framework for Representation, Capture, and Use}},
  institution =  {Knowledge Systems Laboratory},
  year =         {1991},
  type =         {Technical Report},
  number =       {KSL 90-45},
  address =      {Standford, California},
  month =        {August},
  note=          {40p.}
}

@techreport{Gui88,
  author =       {R. Guindon},
  title =        {{A Framework for Building Software Development Environments: System Design as Ill-Structured Problems and as an Opportunistic Process}},
  institution =  {Knowledge Systems Laboratory},
  year =         {1988},
  type =         {Technical Report},
  number =       {STP 298-88},
  address =      {Austin, TX},
}

@inproceedings{StuMot95,
    author =    {A. Stutt and E. Motta},
    title =     {{Recording the Design Decisions of a Knowledge Engineering Community to Facilitate Re-use of Design Models}},
    booktitle = {Proceedings of the 9th Banff Knowledge Acquisition for Knowledge-Based System Workshop (KAW'95)},
    month=      {January--February},
    address=    {Banff, Canada},
    year =      {1995},
}

@techreport{KyaBol98,
  author =       {P. Kyaw and C. Boldyredd},
  title =        {{A Survey of Hypermedia Design Methods in the Context of {W}orld {W}ide {W}eb design}},
  institution =  {University of Durham},
  year =         {1998},
  type =         {Technical Report},
}

@article{HelEdm99,
  author =       {G. P. Heliades and E. A. Edmonds},
  title =        {{On facilitating Knowledge Transfer in Software Design}},
  journal =      {Knowledge-Based Systems},
  year =         {1999},
  volume=        {38},
  pages=         {391--395},
}

@inproceedings{RitSchAbw99,
    author =    {H. Richter and P. Schuchhard and G. D. Abowd},
    title =     {{Automated Capture and Retrieval of Architectural Rationale}},
    booktitle = {Proceedings of the First Working Conference on Software Architecture},
    month=      {February},
    year =      {1999},
}

@article{Kle93,
  author =       {M. Klein},
  title =        {{Capturing Design Rationale in Concurrent Engineering Teams}},
  journal =      {IEEE Computer},
  month=         {January},
  year =         {1993},
  pages=         {39--47},
}

@inproceedings{RosSchGar97,
    author =    {G. Rossi and D. Schwabe and A. Garrido},
    title =     {{Design Reuse in Hypermedia Applications Development}},
    booktitle = {Proceedings of Hypertext'97: The Eight ACM Conference on Hypertext and Hypermedia},
    publisher=  {ACM Press},
    year =      {1997},
}

@inproceedings{PotBru88,
    author =    {C. Potts and G. Bruns},
    title =     {{Recording the Reasons for Design Decisions}},
    booktitle = {Proceedings of the International Conference on Software Engineering},
    publisher=  {IEEE CS Press},
    pages=      {418--427},
    year =      {1988},
}

@inproceedings{Pot99,
    author =    {C. Potts},
    title =     {{Scenic: A Strategy for Inquiry-Driven Requirements Determination}},
    booktitle = {Proceedings of Symposium on Requirements Engineering},
    pages=      {58--65},
    year =      {1989},
}

@article{IsaStrBal95,
  author =       {T. Isakowitz and E. A. Strohr and P. Balasubramanian},
  title =        {{RMM: A Methodology for Structured Hypermedia Design}},
  journal =      {Communications of the ACM,},
  month=         {August},
  year =         {1995},
  number=        {8},
  volume=        {38},
  pages=         {34--43},
}

@article{SchRosl95,
  author =       {D. Schwabe and G. Rossi},
  title =        {{The Object-Oriented Hypermedia Design Model}},
  journal =      {Communications of the ACM},
  month=         {August},
  year =         {1995},
  number=        {8},
  volume=        {38},
}

@book{GamHelJohVli94,
  author =       {E. Gamma and R. Helm and R. Johnsons and J. Vlissides},
  title =        {{Design Patterns}},
  publisher =    {Addison Wesley Publishing Co},
  year =         {1994},
}

@inproceedings{silFor2003,
  year = {2003},
  booktitle = {VIII Workshop de Teses em Engenharia de Software},
  title = {{Processo de Engenharia de Requisitos com Apoio de Hiperdocumentos}},
  organization = {Universidade Federal do Amazonas e Fundação Rede Amazônica},
  address = {Manaus, Brasil},
  pages = {71--76},
  author = {M. A. G. Silva and R. P. M. Fortes}
}

@article{GreMye97,
  author =       {J. Gremba and C. Myers},
  title =        {{The IDEAL Model: A Practical Guide for Improvement}},
  journal=       {Software Engineering Institute (SEI) publication},
  year=          {1997},
  number=        {3},
  note=          {http://www.sei.cmu.edu/ideal/ideal.bridge.html},
}

@incollection{ConBur1996,
  author=       {J. Conklin and K. Burgess-Yakemovic},
  title=        {{A Process-Oriented Approach to Design Rationale}},
  booktitle=    {Design Rationale Concepts, Techniques and Use},
  publisher=    {T. Moran and J. Carrol (editors), Lawrence Erlbaum Associates},
  pages=        {293--428},
  year=         {1996},
}

@incollection{gruber96,
  author=       {T. R. Gruber and D. M. Russel},
  title=        {{Generative Design Rationale: Beyond the record and play paradigm}},
  booktitle=    {Design Rationale Concepts, Techniques and Use},
  publisher=    {T. Moran and J. Carrol (editors), Lawrence Erlbaum Associates},
  pages=        {323--349},
  year=         {1996},
}

@article{FisLemMcCMor91,
  author =       {G. Fischer and A. C. Lemke and R. McCall and A. I. Morch},
  title =        {{Making Argumentation Serve Design}},
  journal =      {Human-Computer Interaction},
  year =         {1991},
  volume=        {6},
  number=        {3},
  pages=         {393--419},
}

@article{RamDha92,
  author =       {B. Ramesh and V. Dhar},
  title =        {{Supporting Systems Development by Capturing Deliberations During Requirements Engineering}},
  journal =      {IEEE Transaction on Software Engineering},
  year =         {1992},
  volume=        {18},
  number=        {6},
  month=         {June},
  pages=         {498--510},
}

@article{BucHam94,
  author =       {S. S. Buckingham and N. Hammond},
  title =        {{Argumentation-Based Design Rationale: What Use at What Cost?}},
  journal =      {International Journal of Human-Computer Studies},
  year =         {1992},
  volume=        {40},
  number=        {4},
  month=         {April},
  pages=         {603--652},
}

@book{KimLoc89,
  author =       {W. Kim and F. Lochiovsky},
  title =        {{Object-Oriented Concepts, Databases and Applications}},
  publisher =    {ACM Press},
  year =         {1989},
}

@article{Gru93,
  author =      {T. Gruber},
  title =       {{A Translation Approach to Portable Ontology Specifications}},
  journal =     {Knowledge Acquisition},
  number =      {2},
  volume =      {5},
  pages =       {199-220},
  year =        {1993},
}

@inproceedings{IsaKamKou97,
    author =    {T. Isakowitz and A. Kamis and M. Koufaris},
    title =     {{Extending the Capabilities of RMM: Russian Dolls and Hypertext}},
    booktitle = {Proceedings of the 30th Annual Hawaii International Conference on System Sciences},
    publisher=  {IEEE Press},
    volume=     {6},
    year =      {1997},
}

@inproceedings{HamGajDavShr2002,
  author =      {Tracy Hammond and Krzysztof Gajos and Randall Davis and Howard E. Shrobe},
  title =       {{An Agent-Based System for Capturing and Indexing Software Design Meetings}},
  booktitle =   {Proceedings of 2002 International Workshop on Agents in Design},
  year =        {2002},
}

@inproceedings{Lan94,
    author =    {D. B. Lange},
    title =     {{An Object-Oriented Design Method for Hypermedia Information Systems}},
    booktitle = {Proceedings of the 27th Annual Hawaii International Conference on System Sciences},
    publisher=  {IEEE Press},
    volume=     {3},
    year =      {1994},
}

@inproceedings{Tak97,
    author =    {K. Takahashi},
    title =     {{Analysis and Design of Web-Based Information Systems}},
    booktitle = {{Proceedings of the Sixth International {W}orld {W}ide {W}eb Conference}},
    year =      {1997},
}

@inproceedings{SoaFor99,
    author =    {M. D. Soares and R. P. M. Fortes},
    title =     {{Gerenciamento de Controle de Versões de Páginas Web}},
    booktitle = {Anais do IV Workshop de Teses em Engenharia de Software do Simpósio Brasileiro de Engenharia de Software (SBES'1999)},
    address=    {Florianópolis, Santa Catarina},
    year =      {1999},
    month=      {October},
    pages =     {33--37},
}

@inproceedings{SoaForMor00,
    author =    {M. D. Soares and R. P. M. Fortes and D. A. Moreira},
    title =     {{VersionWeb: A Tool for Helping Web Pages Version Control}},
    booktitle = {Proceedings of the International Conference on Internet Multimedia Systems and Applications (IMSA 2000)},
   address=    {Las Vegas USA},

    year =      {2000},
    month=      {November},
    pages =     {275--280},
}

@inproceedings{SoaFor01,
    author =    {M. D. Soares and R. P. M. Fortes},
    title =     {{Um Suporte ao Controle de Versões na Web}},
    booktitle = {Anais do Caderno de Ferramentas do Simpósio Brasileiro de Engenharia de Software (SBES'2001)},
    address=    {Rio de Janeiro},
    year =      {2001},
}

@inproceedings{JunFor04,
    author =    {D. C. Junqueira and R. P. M. Fortes},
    title =     {{VersionWeb: a Tool for Open Source Software Development Support}},
    booktitle = {Proceedings of Webmedia/LA-WEB 2004 Joint Conference (English Track), IEEE Computer Society Press},
    year =      {2004},
    pages=      {65--68},
}


@inproceedings{Ols99,
    author =    {L. Olsina},
    title =     {{Web-Site Quality Evaluation Method: a Case Study on Museums}},
    booktitle = {Proceedings of the 2nd Workshop on Software Engineering over the Internet (ICSE 99)},
    year =      {1999},
}

@article{HatTsaChr95,
  author =       {A. E. Hatzimanikatis and C. T. Tsalidis and D. Christodoulakis},
  title =        {{Measuring the Readability and Maintainability of Hyperdocuments}},
  journal =      {Software Maintenance: Research and Practice},
  year =         {1995},
  pages =        {77-90},
  volume =       {7},
  number =       {2},
  publisher =    {J. Wiley},
}

@article{NanNan95,
  author =       {J. Nanard and M. Nanard},
  title =        {{Hypertext Design Environments and the Hypertext Design Process}},
  journal =      {Communications of the ACM},
  year =         {1995},
  volume=        {38},
  number=        {8},
  pages=         {49--56},
}

@article{MacYouBelMor91,
  author =       {A. MacLean and R. M. Young and V. Bellotti and T. P. Moran},
  title =        {{Questions, Options and Criteria: Elements of Design Space Analysis}},
  journal =      {Human-Computer Interaction},
  year =         {1991},
  volume=        {6},
  number=        {3--4},
  pages=         {201--250},
}

@inproceedings{SerFor00,
    author =    {E. Seraphim and R. P. M. Fortes},
    title =     {{DB-LiOS: Suporte Automático à Avaliação da Consistência de Links}},
    booktitle = {Anais do XXVII SEMISH Seminário Integrado de Software e Hardware (SBC'2000)},
    address=    {Curitiba, Paraná},
    year =      {2000},
    month=      {Julho},
    note=       {[Abstract impresso, Anais em CD-ROM]},
}

@inproceedings{MarSerFor00,
    author =    {D. Marques and E. Seraphim and R. P. M. Fortes},
    title =     {{DB-LiOS$^E$: Uma Ferramenta para Auxiliar na Avaliação Estrutural de Hipermídia Educaionais}},
    booktitle = {Anais do Cadernos de Ferramentas do Simpósio Brasileiro de Engenharia de Software (SBES'2000)},
    address=    {João Pessoa, Paraíba},
    year =      {2000},
    month=      {Outubro},
    pages=      {339--342},
}

@inproceedings{SerFor01,
    author =    {E. Seraphim and R. P. M. Fortes},
    title =     {{Suporte Automático para Classificação de Links e Páginas}},
    booktitle = {Anais do XIV Workshop de Teses e Dissertações (SBC'2001)},
    address=    {Fortaleza, Ceará},
    year =      {2001},
    month=      {Agosto},
    note=       {[Aceito para publicação]},
}

@mastersthesis{Reis03,
  author =       {C. R. Reis},
  title =        {{Caracterização de um Processo de Software para Projetos de Software Livre}},
  school =       {Instituto de Ciências Matemáticas e de Computação - Universidade de São Paulo},
  year =         {2003},
 }


@mastersthesis{sou05,
  author =       {O. R. Souza},
  title =        {{Processos de Apoio ao Desenvolvimento de Aplicações Web}},
  school =       {Instituto de Ciências Matemáticas e de Computação - Universidade de São Paulo},
  year =         {2005},
 }

@mastersthesis{Car98,
  author =       {M. R. Carvalho},
  title =        {{HMBS/M- An Object Oriented Method for the Design and Development of Hypermedia Applications}},
  school =       {Instituto de Ciências Matemáticas e de Computação - Universidade de São Paulo},
  year =         {1998},
 }

@mastersthesis{Rib2003,
  author =       {T. M. Ribeiro},
  title =        {{Evolução de uma Agenda para Grupos na Web}},
  school =       {Instituto de Ciências Matemáticas e de Computação - Universidade de São Paulo},
  year =         {2003},
  note=          {81 páginas}
 }

@mastersthesis{Fig2002,
  author =       {R. M. C. Figueiredo},
  title =        {{Garantia de Qualidade dos Provedores de Serviços de Aplicativos (ASP) Empregando os Acordos
                   dos Níveis de Serviços (SLA): Uma pesquisa Exploratória}},
  school =       {Escola de Engenharia de São Carlos - Universidade de São Paulo},
  year =         {2002},
  note=          {235p.}
 }

@inproceedings{PenVad96,
    author =    {F. Peña-Mora and S. Vadhavka},
    title =     {{Design Rationale and Design Patterns in Reusable Software Design}},
    booktitle = {Proceedings of the Sixth International Conference on Artificial Intelligence in Design},
    publisher = {J. S. Gero (editors), Kluwer Academic Press},
    year =      {1996},
 }

@inproceedings{McCall94,
    author =    {R. McCall and P. Bennett and E. Johnson},
    title =     {An {O}verview of the {PHIDIAS} {II} {H}yper{CAD} {S}ystem},
    booktitle = {Reconnecting: {ACADIA'94}},
    publisher = {A. Harfmann and M. Fraser(editors), Association for Computer Aided Design in Architecture},
    year =      {1994},
    pages=          {63-74},
 }

@inproceedings{GruTenWeb92,
    author =    {T. Gruber and J. Tenenbaum and J. Webber},
    title =     {{Toward a Knowledge Medium for Collaborative Product Development}},
    booktitle = {Proceedings of the Second International Conference on Artificial Intelligence in Design},
    publisher = {J. S. Gero (editors), Kluwer Academic Press},
    pages=      {413--432},
    year =      {1992},
 }

@article{PenVad97,
  author =       {F. Peña-Mora and S. Vadhavka},
  title =        {{Augmenting Design Patterns with Design Rationale}},
  journal =      {Artificial Intelligence in Engineering Design, Analysis and Manufacturing -- Special Issue on Design Rationale (AIEDAM)},
  volume =       {11},
  number =       {2},
  year =         {1997},
  month =        {april},
  pages=         {93--108},
}

@article{Cop98,
  author =    {J. O. Coplien},
  title =     {{Software Design Patterns: Common Questions and Answers}},
  journal =   {The Patterns Handbook: Techniques, Strategies, and Applications},
  adress=     {New York},
  month=      {January},
  pages=      {311--320},
  year =      {1998},
}

@ARTICLE{Shi1997,
  author =       {F. Shipman and R. McCall},
  title =        {{Integrating Different Perspectives on Design Rationale: Supporting the Emergence of Design Rationale from Design Communication}},
  journal =      {Artificial Intelligence in Engineering Design, Analysis, and Manufacturing},
  year =         {1997},
  volume =       {11},
  number =       {2},
  pages =        {141-154},
  month =        {Abril},
}

@inproceedings{FisMcCMor89a,
    author =    {G. Fischer and R. McCall and A. Morch},
    title =     {{JANUS}: {Integrating Hypertext with a Knowledge-Based Design Environment}},
    booktitle = {Proceedings of Hypertext'89: First ACM Conference on Hypertext},
    publisher = {ACM Press},
    year =      {1989},
    pages=      {105--117},
}

@inproceedings{FisMcCMor89b,
    author =    {G. Fischer and R. McCall and A. Morch},
    title =     {{Design Environments for Constructive and Argumentative Design}},
    booktitle = {Proceedings of the ACM Conference on Human Factors in Computing Systems (CHI'89)},
    year =      {1989},
    address = {Austin, Estados Unidos},
    pages=      {269--275},
}

@inproceedings{Boy1995,
    author =    {G. Boy},
    title =     {{Supportability-Based Design Rationale}},
    booktitle = {Proceedings of the 6th IFCA Symposium on Analysis, Design and Evaluation of Man-Machine Systems},
    address=    {Boston, Estados Unidos},
    month =     {June},
    year =      {1995},
}

@inproceedings{Bro90,
    author =    {J. S. Brown},
    title =     {{Dialects for Design: Expanding the Role of Design in Implementation}},
    booktitle = {Proceedings of the Conference on Technology and the future of work},
    year =      {1990},
    address=    {Stanford, CA},
}

@inproceedings{Rus90,
    author =    {D. M. Russel},
    title =     {{Reflections on the {IDE} Project}},
    booktitle = {Proceedings of the Conference on Instructional Design Systems},
    year =      {1990},
    address=    {Logan, UT},
}

@article{PenSriLog95,
    author =    {F. Peña-Mora and R. Sriram and R. Logcher},
    title =     {{Conflict Mitigation System for Collaborative Engineering}},
    journal =   {Artificial Inelligence in Engineering Design, Analysis and Manufacturing (AIEDAM)},
    pages =     {101--124},
    volume =    {9},
    number =    {2},
    year =      {1995},
}

@article{MioBulForPim01,
    author =    {A. M. M. Miotto and R. F. Bulcão and M. G. C. Pimentel and R. P. M. Fortes},
    title =     {{OXHMBS} - {A Formal Approach for Supporting} {O}pen {H}ypermedia {A}pplications},
    journal =   {Cadernos de Computação do ICMC-USP},
    year =      {2001},
    }

@inproceedings{RosBorNac88,
  author =       {J Rossignac and P. Borrel and L. Nackman},
  title =        {{Interactive Design with Sequences of Parameterized Transformations}},
  booktitle =    {Intelligent Cad Systems 2: Implementational Issues},
  year =         {1988},
  publisher =    {Springer-Verlag},
}

@inproceedings{CasNewSan90,
    author =    {A. Cassotto and A. Newton and A. Sangiovanni-Vincentelli},
    title =     {{Design Management based on Design Traces}},
    booktitle = {Proceedings of the 27th Design Automation Conference, IEEE},
    year =      {1990},
    pages =     {136--141},
}

@inproceedings{Fra91,
    author =    {S. Fraser},
    title =     {{Reuse by Design - A Team Approach}},
    booktitle = {Proceedings of the Workshop on Institutionalizing Software Reuse (WISR'5)},
    year =      {1991},
}

@article{AnsJel90,
    author =    {R. Anson and M. Jelassi},
    title =     {{A Development Framework for Computer-Supported Conflict Resolution}},
    journal =   {European Journal of Operational Research},
    year =      {1990},
    pages =     {181--189},
}

@article{Lee93,
    author =    {J. Lee},
    title =     {{AAI'92} {Workshop on Design Rationale Capture and Use}},
    journal =   {AI Magazine},
    volume =    {14},
    number =    {2},
    year =      {1993},
    pages =     {24--26},
}

@article{ForNic97,
    author =    {R. P. M. Fortes and M. C. Nicoletti},
    title =     {{A Family of Link Based Metrics for the Evaluation of Web Documents}},
    journal =   {SIGLINK Newsletter},
    volume =    {6},
    number =    {3},
    year =      {1997},
    pages =     {21--23},
}

@inproceedings{MarFor99,
    author =    {D. Marques and R. P. M. Fortes},
    title =     {{Qualidade em Hipermídia Educacional: um Auxílio para Avaliação através de Métricas}},
    booktitle = {Anais do IV Workshop de Teses em Engenharia de Software do Simpósio Brasileiro de Engenharia de Software (SBES 1999)},
    year =      {1999},
    address =   {Florianópolis, Santa Catarina},
    month =     {Outubro},
    pages =     {13--17},
}

@mastersthesis{Mar00,
  author =       {D. Marques},
  title =        {{Qualidade em Hipermídia Educacional: um Auxílio para Avaliação Através de Métricas}},
  school =       {Instituto de Ciências Matemáticas e de Computação - Universidade de São Paulo},
  month =        {Agosto},
  year =         {2000},
}

@inproceedings{MarFor00,
    author =    {D. Marques and R. P. M. Fortes},
    title =     {{Avaliação Estrutural Aplicada a Hiperdocumento Educacional na Web}},
    booktitle = {Anais do Workshop de Qualidade de Software do Simpósio Brasileiro de Engenharia de Software (SBES 2000)},
    year =      {2000},
    address =   {João Pessoa, Paraíba},
    month =     {Outubro},
    pages =     {262--274},
}

@inproceedings{FelForSil99,
    author =    {V. D. Feltrim and R. P. M. Fortes and W. F. Silva},
    title =     {{Aspectos de Validação do Método de Engenharia Reversa {FusionRE/I} aplicado a um Sistema Hipermídia}},
    booktitle = {Anais do XIII Simpósio Brasileiro de Engenharia de Software (SBES 1999)},
    year =      {1999},
    address =   {Florianópolis, Santa Catarina},
    month =     {Outubro},
    pages =     {257--272},
}

@inproceedings{FelFor98a,
    author =    {V. D. Feltrim and R. P. M. Fortes},
    title =     {{Requisitos de Hiperdocumentos de suporte ao domínio de Engenharia Reversa de Software}},
    booktitle = {Anais do Workshop de Engenharia de Requisitos},
    year =      {1998},
    address =   {Maringá, Paraná},
    month =     {Outubro},
    pages =     {159--167},
}

@inproceedings{FelFor98b,
    author =    {V. D. Feltrim and R. P. M. Fortes},
    title =     {{Apoio à Documentação de Engenharia Reversa de Software por Meio de Hipertextos}},
    booktitle = {Anais do III Workshop de Teses em Engenharia de Software do Simpósio Brasileiro de Engenharia de Software (SBES 1998)},
    year =      {1998},
    address =   {Maringá, Paraná},
    month =     {Outubro},
    pages =     {1--4},
}

@inproceedings{FelFor00a,
    author =    {V. D. Feltrim and R. P. M. Fortes},
    title =     {{Apoio à documentação de Engenharia Reversa de Software por Meio de Hipertextos}},
    booktitle = {Anais do V Workshop de Teses e Dissertações Defendidas do ICMC-USP},
    year =      {2000},
    address =   {São Carlos, São Paulo},
    month =     {Maio},
    pages =     {97--107},
}

@article{FelFor00b,
    author =    {V. D. Feltrim and R. P. M. Fortes},
    title =     {{Evaluating a Reverse Engineering Method through the Application in a Hypermedia System}},
    journal =   {Cadernos de Computação do ICMC-USP},
    year =      {2000},
    month =     {Abril},
    address =   {São Carlos, São Paulo},
    volume =    {1},
    number =    {1},
    pages =     {139--157},
}

@mastersthesis{Fel99,
  author =       {V. D. Feltrim},
  title =        {{Apoio à documentação de Engenharia Reversa de Software por meio de Hipertextos}},
  school =       {Instituto de Ciências Matemáticas e de Computação - Universidade de São Paulo},
  month =        {Dezembro},
  year =         {1999},
}

@mastersthesis{Sil00,
  author =       {W. F. Silva},
  title =        {{Uma Proposta de Interface para Sistema Hipermidia de Suporte a Engenharia de Software}},
  school =       {Instituto de Ciências Matemáticas e de Computação - Universidade de São Paulo},
  month =        {Setembro},
  year =         {2000},
}

@mastersthesis{Soar00,
  author =       {M. D. Soares},
  title =        {{Gerenciamento de Controle de Versões de Páginas Web}},
  school =       {Instituto de Ciências Matemáticas e de Computação - Universidade de São Paulo},
  month =        {Novembro},
  year =         {2000},
}

@mastersthesis{Ser00,
  author =       {E. Seraphim},
  title =        {{Suporte Automático à Avaliação da Consistência Estrutural em {WWW}}},
  school =       {Instituto de Ciências Matemáticas e de Computação - Universidade de São Paulo},
  month =        {Agosto},
  year =         {2000},
}

@inproceedings{SilFor01,
    author =    {W. F. Silva},
    title =     {{Mudança de Domínio de um Sistema Hipermídia para Apoio à Documentação de Software}},
    booktitle = {Anais do VI Workshop de Teses e Dissertações Defendidas do ICMC-USP},
    year =      {2001},
    address =   {São Carlos, São Paulo},
    month =     {Maio},
    pages =     {155--164},
}

@inproceedings{SanVieHasNun97,
    author =    {G. H. R. Santos and F. M. C. Vieira and R. Hasegawa and M. G. V. Nunes},
    title =     {{SASHE: Autoria de Aplicações Hipermídia para o Ensino}},
    booktitle = {Anais do VIII Simposio Brasileiro de Informática na Educação},
    year =      {1997},
    address =   {São José dos Campos, São Paulo},
    month =     {Novembro},
    pages =     {425--440},
}

@techreport{NunHasVieSanFor97,
  author =       {M. G. V. Nunes and R. Hasegawa and F. M. C Vieira and G. H. R. Santos and R. P. M. Fortes},
  title =        {{SASHE: Sistema de Autoria e Suporte Hipermídia para Ensino}},
  institution =  {Instituto de Ciências Matemáticas e de Computação - Universidade de São Paulo},
  year =         {1997},
  number =       {33},
  address =      {São Carlos, São Paulo},
  month =        {Março},
  type =         {Notas do ICMC},
  note =         {22p.},
}

@article{SoaForMor01,
    author =    {M. D. Soares and R. P. M. Fortes and D. A. Moreira},
    title =     {{VersionWeb: A Tool for Helping Web Pages Version Control}},
    journal =   {Cadernos de Computação do ICMC-USP},
    year =      {2001},
    month =     {Março},
    address =   {São Carlos, São Paulo},
    volume =    {2},
    number =    {1},
    pages =     {59--68},
}

@inproceedings{AbwAtkBroEnqGulLem98,
    author =    {G. D. Abowd and C. G. Atkeson and J. A. Brotherton and T. Enqvist and P. A. Gully and J. Lemmon},
    title =     {{Investigating the Capture, Integration and Access Problem of Ubiquitous Computing in a Educational Setting}},
    booktitle = {Proceeding of the ACM Conference on Human Factors in Computing Systems (CHI'98)},
    year =      {1998},
    address =   {New York},
    pages =     {440--447},
}

@inproceedings{AbwPimKerIshGuz99,
    author =    {G. D. Abowd and M. G. C. Pimentel and B. Kerimbaev and Y. Ishiguro and M. Guzdial},
    title =     {{Anchoring Discussions in Lecture: an Approach to Collaboratively Extending Classroom Digital Media}},
    booktitle = {Proceeding of Computer Supported Collaborative Learning (CSCL'99)},
    year =      {1999},
    month =     {December},
    pages =     {440--447},
}

@inproceedings{BroBhaAbw98,
    author =    {C. G. Brotherton and J. Bhalodia and G. D. Abowd},
    title =     {{Automated Capture, Integration and Visualization of Multiple Media Streams}},
    booktitle = {Proceeding of the IEEE Conference on Multimedia and Computing Systems},
    year =      {1998},
    month =     {July},
    pages =     {54--63},
}

@book{Pfl01,
  author =       {S. L. Pfleeger},
  title =        {{Software Engineering: Theory and Practice}},
  publisher =    {Prentice Hall},
  edition =      {{2 }},
  year =         {2001},
  address =      {New Jersey},
  note=          {659 p.},
}

@book{MorCar96,
  author =       {T. P. Moran and J. M. Carroll},
  title =        {{Design Rationale: Concepts, Techniques, and Use Computers, Cognition, and Work}},
  publisher =    {Lawrence Erlbaum Associates},
  year =         {1996},
  address =      {New Jersey},
  note=          {659 páginas},
}

@article{SchRos98,
    author =    {D. Schwabe and G. Rossi},
    title =     {{An Object Oriented Approach to Web-Based Application Design}},
    journal =   {Theory and Practice of Object Systems},
    year =      {1998},
    address =   {New York},
    volume =    {4},
    number =    {4},
    publisher = {Wiley and Sons},
}

@article{CerFraBpn00,
    author =  {S. Ceri and P. Fraternali and A. Bongio},
    title =   {{Web Modeling Language (WebML): A Modeling Language for Designing Web Sites}},
    journal = {WWW9, Computer Networks},
    year =    {2000},
    volume =  {33},
    number=   {1-6},
    pages =   {137--157},
}

@inproceedings{GarPaoBolBVal99,
    author =    {F. Garzotto and P. Paolini and D. Bolchini and S. Valenti},
    title =     {{Modelling by Patterns of Web Applications}},
    booktitle = {Proceedings of the First International Workshop on Conceptual Modelling and the WWW},
    address=    {Paris, France},
    month =     {november},
    note =      {Lecture Notes in Computer Science},
    volume =    {1727},
    year =      {1999},
    pages =     {293--306},
}

@book{Nil90,
  author =       {J. Nielsen},
  title =        {{Hypertext and Hypermedia}},
  publisher =    {Academic Press, Inc},
  year =         {1990},
}

@article{SchEsmRosLya01,
    author =  {D. Schwabe and L. Esmeraldo and G. Rossi and F. Lyardet},
    title =   {{Engineering Web Applications for Reuse}},
    journal = {IEEE Multimedia},
    year =    {2001},
    volume =  {8},
    number=   {1},
    pages =   {20--31},
}

@inproceedings{RosSchLya00,
    author =    {G. Rossi and D. Schwabe and F. Lyardet},
    title =     {{Abstraction and Reuse Mechanisms in Web Application Models}},
    booktitke = {Proceedings of the World Wild Web and Conceptual Modeling'00 Workshop, ER'00 Conference},
    year =      {2000},
    publisher = {Lecture Notes in Computer Science 1921, Springer, Salt Lake City},
    note = {Extended Version},
}

@article{RegHuAtwSun00,
    author =  {W. C. Regli and X. Hu and M. Atwood and W. Sun},
    title =   {{A Survey of Design Rationale Systems: Approaches, Representation, Capture and Retrieval}},
    journal = {Engineering with Computers: An International Journal for Simulation-Based Engineering, special issue on Computer Aided Engineering in Honor of Professor Steven J. Fenves},
    year =    {2000},
    volume =  {16},
    pages =   {209--235},
}

@inproceedings{HuPanPanAtwSunReg00,
    author =  {X. Hu and J. Pang and Y. Pang and M. Atwood and W. Sun and W. C. Regli},
    title =   {{A Survey on Design Rationale: Representation, Capture and Retrieval}},
    booktitle = {Proceedings of the Design Engineering Technical Conference (CDETC00), AMSE},
    year =    {2000},
    address = {Baltimore, Maryland},
    month = {September},
}

@article{AbwMyn00,
    author =  {G. D. Abowd and B. Mynatt},
    title =   {{Charting Past, Present and Future Research in Ubiquitous Computing}},
    journal = {Transactions of Human-Computer Interaction 2000},
    year =    {2000},
    pages =   {440--447},
}

@ARTICLE{Arruda2001,
  author =       {C. R. E. {Arruda Jr.} and M. G. C. Pimentel},
  title =        {{Projeto e Implementação de um Sistema Colaborativo de Edição}},
  journal =      {Revista Eletrônica de Iniciação Científica - REIC},
  year =         {2001},
  volume =       {1},
  number  =      {2},
}

@ARTICLE{Arruda2001a,
  author =       {C. R. E. {Arruda Jr.} and M. G. C. Pimentel},
  title =        {{Design and Implementation of a Collaborative Editor System}},
  journal =      {Eletronic Journal of Scientific Initiation},
  year =         {2001},
  volume =       {1},
  number  =      {2},
}

@ARTICLE{Arruda2002,
  author =       {C. R. E. {Arruda Jr.} and C. A. Izeki and M. G. C. Pimentel},
  title =        {{C}o{T}eia: {Uma Ferramenta Colaborativa de Edição Baseada na Web}},
  journal =      {Workshop de Ferramentas e Aplicações do VIII SBMIDIA},
  year =         {2002},
}

@inproceedings{sou04,
    author =  {K. D. Souza and N. Anquetil and K. M. Oliveira},
    title =   {{Learning Software Maintenance Organizations}},
    booktitle = {6th Learning Software Organizations},
    year =    {2004},
    page= {67--77},
    note = {Lecture Notes in Computer Science 3096 - Advances in Learning Software Organizations},
}

@ARTICLE{Arruda2002a,
  author =       {C. R. E. {Arruda Jr.} and C. A. Izeki and M. G. C. Pimentel},
  title =        {{C}o{T}eia: {A Collaborative Tool for Web-Based Edition}},
  journal =      {Workshop of Tools and Applications, VIII Brazilian Symposium on Multimedia and Hypermedia Systems},
  year =         {2002},
}

@ARTICLE{ConBeg88,
  author =       {J. Conklin and M. L. Begeman},
  title =        {{gIBIS: A Hypertext Tool for Exploratory Policy Discussion}},
  journal =      {ACM Transactions on Office Information Systems},
  year =         {1988},
  volume =       {6},
  number =       {4},
  pages =        {303--331},
}

@ARTICLE{Cybulski1992,
  author =       {Jacob L. Cybulski and Karl Reed},
  title =        {{A Hypertext Based Software Engineering Environment}},
  journal =      {IEEE Software},
  year =         {1992},
  volume =       {9},
  number =       {2},
  pages =        {62-68},
}

@ARTICLE{Hu2000,
  author =       {X. Hu and J. Pang and Y. Pang and M. Antwood and W. Sun and W. C.},
  title =        {{A Survey on Design Rationale: Representation, Capture and Retrieval}},
  journal =      {Engineering with Computers: An Int'l Journal for Simulation-Based Engineering},
  year =         {2000},
  volume =       {16},
  pages =        {209-235},
}

@ARTICLE{Lee1997,
  author =       {J. Lee},
  title =        {{Design Rationale Systems: Understanding the Issues}},
  journal =      {IEEE expert/Intelligent Systems and Their Applications},
  year =         {1997},
  volume =       {12},
  number =       {3},
  pages =        {78-85},
  month =        {Maio/Junho},
}

@ARTICLE{MacLean1991,
  author =       {A. MacLean and R. Young and V. Belloti and T. Moran},
  title =        {{Question, Options, and Criteria: Elements of Design Space Analysis}},
  journal =      {Human-Computer Interaction},
  year =         {1991},
  volume =       {6},
  number =       {3-4},
  pages =        {210-250},
}

@ARTICLE{McCall1986,
  author =       {R. McCall},
  title =        {{Issue-Serve Systems: A Descriptive Theory of Design}},
  journal =      {Design Methods and Theories},
  year =         {1986},
  volume =       {20},
  number =       {8},
  pages =        {443-458},
}

@ARTICLE{Mark1992,
  author =       {William Mark and Sherman Tylera and James McGuire and Jon Schlossberg},
  title =        {{Commitment-Based Software Development}},
  journal =      {IEEE Transactions on Software Engineering},
  year =         {1992},
  volume =       {18},
  number =       {10},
  pages =        {870-885},
  month =        {Outubro},
}

@ARTICLE{Robbins1998A,
  author =       {J. E. Robbins and D. F. Redmiles},
  title =        {{Software Architecture Critics in the Argo Design Environment}},
  journal =      {Knowledge-based Systems},
  year =         {1998},
  volume =       {11},
  number =       {1},
  pages =        {47-60},
  month =        {Setembro},
}

@book{McC77,
  author =       {J. McCall and P. Richards and G. Walters},
  title =        {{Factors in Software Quality}},
  publisher=     {Springfield, VA: National Technical Information Service},
 volume=        {1, 2 and 3},
  year =         {1977},
}

@book{Nil93,
 author=    {J. Nielsen},
 title=     {{Usability Engineering}},
 publisher= {{Academic Press}},
 year=      {1993},
}

@ARTICLE{Shipman1997,
  author =       {F. Shipman and R. McCall},
  title =        {{Integrating Different Perspectives on Design Rationale: Supporting the Emergence of Design Rationale from Design Communication}},
  journal =      {Artificial Intelligence in Engineering Design, Analysis, and Manufacturing},
  year =         {1997},
  volume =       {11},
  number =       {2},
  pages =        {141-154},
  month =        {Abril},
}

@ARTICLE{Frei04,
  author =       {A. P. Freire and D. M. B. Paiva and R. P. M. Fortes},
  title =        {{Gerenciamento de Recursos Acadêmicos -- um Estudo de Caso}},
  journal =      {Revista Brasileira de Informática na Educação},
  year =         {2004},
  volume =       {12},
  number =       {2},
  pages =        {78--85},
}

@BOOK{Jacobson1999,
  author =       {Ivar Jacobson and Grady Booch and James Rumbaugh},
  title =        {{The Unified Software Development Process}},
  publisher =    {Addison Wesley},
  year =         {1999},
}

@BOOK{Jac1999,
  author =       {Grady Booch and James Rumbaugh and Ivar Jacobson},
  title =        {{The Unified Modeling Language}},
  publisher =    {Addison Wesley},
  year =         {1999},
}

@BOOK{Jac06,
  author =       {Grady Booch and James Rumbaugh and Ivar Jacobson},
  title =        {{UML -- Guia do Usuário}},
  publisher =    {Campus},
  edition = {2},
  year =         {2006},
}

@BOOK{Kruchten2000,
  author =       {P. Kruchten},
  title =        {{The Rational Unified Process: An Introduction}},
  publisher =    {Addison Wesley},
  edition =      {2},
  year =         {2000},
}

@BOOK{Pressman05,
  author =       {R. S. Pressman},
  title =        {{Software Engineering: A Practitioner's Approach}},
  publisher =    {McGraw Hill},
  edition =      {{6}},
  year =         {2005},
}

@BOOK{pres01,
  author =       {R. S. Pressman},
  title =        {{Engenharia de Software}},
  publisher =    {McGraw Hill},
  edition =      {{5 }},
  year =         {2001},
}

@BOOK{abr02,
  author =       {P. Abrahamsson and O. Salo and J. Ronkainen and J. Warsta},
  title =        {{Agile Software Development Methods -- Review and Analysis}},
  publisher =    {VTT Publications 478},
  year =         {2002},
}

@BOOK{sch02,
  author =       {K. Schwaber and M. Beedle},
  title =        {{Agile Software Development with Scrum}},
  publisher =    {Upper Saddle River, Prentice Hall},
  year =         {2002},
}

@BOOK{palm02,
  author =       {S. R. Palmer and J. M. Felsing},
  title =        {{A Practical Guide to Feature-Driven Development}},
  publisher =    {Upper Saddle River, Prentice Hall},
  year =         {2002},
}

@BOOK{Gil1999,
  author =       {A. C. Gil},
  title =        {{Métodos e Técnicas da Pesquisa Social}},
  publisher =    {Atlas},
  edition =      {{5}},
  year =         {1999},
}

@BOOK{Gil02,
  author =       {A. C. Gil},
  title =        {{Como Elaborar Projetos de Pesquisa}},
  publisher =    {Atlas},
  edition =      {{4}},
  isbn =         {85-224-3169-8},
  year =         {2002},
}

@BOOK{Lav99,
  author =       {C. Laville and J. Dionne},
  title =        {{A Construção do Saber: Manual de Metodologia da Pesquisa em Ciências Humanas}},
  publisher =    {UFMG},
  edition =      {{1}},
  isbn =         {85-7307-489-2},
  year =         {1999},
}

@BOOK{Sev02,
  author =       {A. J. Severino},
  title =        {{Metodologia do Trabalho Científico}},
  publisher =    {Cortez},
  edition =      {{22}},
  isbn =         {85-249-0050-4},
  year =         {2002},
}

@BOOK{Sal04,
  author =       {D. V. Salomon},
  title =        {{Como Fazer uma Monografia}},
  publisher =    {Martins Fontes},
  edition =      {{11}},
  isbn =         {85-336-1958-8},
  year =         {2004},
}

@BOOK{Bas04,
  author =       {L. R. Bastos and L. Paixão and L. M. Fernandes and N. Deluiz},
  title =        {{Manual para a Elaboração de Projetos e Relatórios de Pesquisas, Teses, Dissertações e Monografias}},
  publisher =    {LTC},
  edition =      {{6}},
  isbn =         {85-216-1356-3},
  year =         {2004},
}

@BOOK{gon04,
  author =       {H. A. Gonçalves},
  title =        {{Manual de Monografia, Dissertação e Tese}},
  publisher =    {AVERCAMP},
  edition =      {{1}},
  isbn =         {85-89311-11-2},
  year =         {2004},
}

@BOOK{san04,
  author =       {A. R. Santos},
  title =        {{Metodologia Científica: a Construção do Conhecimento}},
  publisher =    {DP\&A},
  edition =      {{6}},
  isbn =         {85-7490-275-6},
  year =         {2004},
}

@INPROCEEDINGS{Bacelo1996,
  author =       {A.P.T. Bacelo and K. Becker},
  title =        {{Uma Ferramenta de Apoio à Discussão e Deliberação em Grupo}},
  booktitle =    {Anais do III Workshop em Sistemas Multimída e Hipermídia},
  year =         {1996},
  month =        {Maio},
  address =      {São Carlos-SP},
  pages =        {119-130},
}

@INPROCEEDINGS{Bombani2000,
  author =       {L. Bombani and P. Ciancarini and  F. Vitali},
  title =        {{Sophisticated Hypertext Funcionalities for Software Engineering}},
  booktitle =    {Proceedings of the 22nd International Conference on Software Engineering},
  year =         {2000},
}

@inproceedings{BraJohReg2000,
 author = {Lars Bratthall and Enrico Johansson and Björn Regnell},
 title = {{Is a Design Rationale Vital when Predicting Change Impact? {A} Controlled Experiment on Software Architecture Evolution}},
 booktitle = {{Proceedings of the Second International Conference on Product Focused Software Process Improvement},
 year = {2000}},
 isbn = {3-540-67688-0},
 pages = {126--139},
 publisher = {Springer-Verlag},
 }

@inproceedings{PaiIfip05,
 author = {D. M. B. Paiva and R. P. M. Fortes},
 title = {{Model for Academic Software Development Including Design Rationale Elements}},
 booktitle = {I IFIP Academy on the State of Software Theory and Practice -- PhD Colloquium},
 year = {2005},
}

@article{JBur2002,
  author =       {Janet Burge},
  title =        {{Software Engineering Using design RATionale}},
  journal=       {Ph.D. Dissertation Proposal},
  note=          {Department of Computer Science - Worcester Polytechnic Institute},
  year =         {2002},
}

@inproceedings{Burge2000,
  author =       {J. Burge and D. C. Brown},
  title =        {{Reasoning With Design Rationale}},
  booktitle =    {Artificial Intelligence Design },
  year =         {2000},
  pages =        {611-629},
  Publisher =    {Kluwer Academic Publishers },
}

@inproceedings{con89,
  author =       {J. Conklin},
  title =        {{Design Rationale and Maintainability}},
  booktitle =    {Twenty Second Annual Hawaii International Conference on System Sciences},
  volume = {2},
  year =         {1989},
  pages =        {533--539},
}

@article{SchRos98,
    author =    {D. Schwabe and G. Rossi},
    title =     {{An Object Oriented Approach to Web-Based Application Design}},
    journal =   {Theory and Practice of Object Systems},
    year =      {1998},
    address =   {New York},
    volume =    {4},
    number =    {4},
    publisher = {Wiley and Sons},
}

@incollection {ray99,
    author = "Eric S. Raymond",
    title = "{The Cathedral and The Bazaar}",
    booktitle = "The Cathedral and The Bazaar",
    publisher = "O'Reilly and Associates",
    address = "Sebastopol",
    edition = "1st",
    year = "1999",
    pages = "27--78"
}


@INPROCEEDINGS{Fischer1989,
  author =       {Gerhard Fischer and Raymond McCall and Anders I. Morch},
  title =        {{JANUS: Integrating Hypertext with a Knowledge-Based Design Environment}},
  booktitle =    {Proceedings of Hypertext},
  year =         {1989},
}

@article{McCall91,
    author =    {R. J. McCall},
    title =     {{PHI: A Conceptual Foundation for Design Hypermedia}},
    journal =   {Design Studies},
    year =      {1991},
    volume =    {12},
    number =    {1},
    pages =     {30--41},
    publisher = {Wiley and Sons},
}

@INPROCEEDINGS{Gruber1991A,
  author =       {T. Gruber and C. Baudin and J. Boose and J. Weber},
  title =        {{Design Rationale Capture as Knowledge Acquisition: Tradeoffs in the Design of Interative Tools}},
  booktitle =    {Proceedings of the Eighth International Workshop},
  year =         {1991},
}

@INPROCEEDINGS{Hu2000B,
  author =       {X. Hu and J. Pang and Y. Pang and M. Antwood and W. Sun and W. C.},
  title =        {{A Survey on Design Rationale: Representation, Capture and Retrieval}},
  booktitle =    {Proceedings of Design Engineering Technical Conferences},
  year =         {2000},
}

@INPROCEEDINGS{Lee1990,
  author =       {J. Lee},
  title =        {{SIBYL: A Tool for Managing Design Rationale}},
  booktitle =    {Proceedings of the Conference on Computer Supported Cooperative Work},
  year =         {1990},
}

@INPROCEEDINGS{Monk1995,
  author =       {S. Monk and I. Sommerville and J. M. Pendaries and B. Durin},
  title =        {{Supporting Design Rationale For System Evoluation}},
  booktitle =    {Proceedings of the Fifth European Software Engineering Conference},
  year =         {1995},
}

@inproceedings{brito04,
   author = {R. Brito and P. Ferreira and K. Silva and V. Burégio and I. Leite},
   title = {{Uma Experiência na Implantação de Processo em uma Fábrica de Software Livre}},
   booktitle = {VI Simpósio Internacional de Melhoria de Processos de Software},
   pages = {119--130},
   address = {São Paulo - SP},
   year = {2004},
}

@inproceedings{Spin04,
   author = {B. Spindola and C. Albuquerque and J. Mascena and K. Coelho and R. Albuquerque and T. Rocha},
   title = {{Definição e Melhoria de Processos em uma Fábrica de Software Livre}},
   booktitle = {VI Simpósio Internacional de Melhoria de Processos de Software},
   pages = {189--200},
   address = {São Paulo - SP},
   year = {2004},
}

@inproceedings{SouDalKliJac99,
 author = {Cleidson Souza and Dalcykelem B. Santos and Klissiomara L. Dias and Jacques Wainer},
 title = {{A Model and Tool for Semi-Automatic Recording of Design Rationale in Software Diagrams}},
 booktitle = {Proceedings of the String Processing and Information Retrieval Symposium and International Workshop on Groupware},
 year = {1999},
 isbn = {0-7695-0268-7},
 pages = {306--313},
 publisher = {IEEE Computer Society},
 }

@PHDTHESIS{Shum1991,
  author =       {S.J. Shum},
  title =        {{A Cognitive Analysis of Design Rationale Representation}},
  school =       {University of York},
  year =         {1991},
}

@PHDTHESIS{daniel,
  author =       {D. C. Amaral},
  title =        {{Arquitetura para Gerenciamento de Conhecimentos explícitos sobre Processo de Desenvolvimento de Produto}},
  school =       {Escola de Engenharia de São Carlos, Universidade de São Paulo},
  note=         {215 páginas},
  year =         {2001},
}

@PHDTHESIS{Re03,
  author =       {C. A. L. Reis},
  title =        {{Uma Abordagem Flexível para Execução de Processos de Software Evolutivos}},
  school =       {Universidade Federal do Rio Grande do Sul},
  year =         {2003},
}

@mastersThesis{Re98,
  author =       {R. Q. Reis},
  title =        {{Uma Proposta de Suporte ao Desenvolvimento Cooperativo de Software no Ambiente PROSOFT}},
  school =       {Universidade Federal do Rio Grande do Sul},
  year =         {1998},
}

@mastersThesis{hoh03,
  author =       {E. N. Hohn},
  title =        {{Técnicas de Leitura de Especificação de Requisitos de Software: Estudos Empíricos e Gerência de Conhecimento em Ambientes Acadêmico e Industrial}},
  school =       {Instituto de Ciências Matemáticas e de Computação, Universidade de São Paulo},
  year =         {2003},
  note =        {219 páginas},
}

@mastersthesis{DG03,
  author = {D. G. Sante},
  title = {{AutorE: Suportando Autoria Evolucionária em Ambientes de Captura}},
  school = {Instituto de Ciências Matemáticas e de Computação, Universidade de São Paulo},
  year = {2003},
}

@mastersThesis{sodre01,
  author =       {R. A. Sodre},
  title =        {{Infra-estrutura de Segurança para Sistemas Distribuídos Baseada em Linguagem Formal}},
  school =       {Universidade de Brasilia},
  year =         {2001},
}

@phdthesis{mai99,
 author = {C. L. L. Maidantchik},
 title = {{Gerência de Processos de Software para Equipes Geograficamente Dispersas}},
 year = {1999},
 note = {214 páginas},
 school = {COPPE, Universidade Federal do Rio de Janeiro},
}

@PHDTHESIS{teseBur,
  author =       {J. E. Burge},
  title =        {{Software Engineering Using Design Rationale}},
  school =       {Worcester Polytechnic Institute},
  note = {265 páginas},
  year =         {2005},
}

@MASTERSTHESIS{Izeki2001,
  author =       {C. A. Izeki},
  title =        {{Anotações Colaborativas como Hiperdocumentos de Primeira Classe}},
  school =       {Instituto de Ciências Matemáticas e de Computação - Universidade de São Paulo},
  year =         {2001},
  address =      {São Carlos - SP},
}

@MASTERSTHESIS{Fran2004,
  author =       {S. D. Francisco},
  title =        {{DocRationale: Uma Ferramenta para Suporte a Design Rationale de Artefatos de Software}},
  school =       {Instituto de Ciências Matemáticas e de Computação - Universidade de São Paulo},
  year =         {2004},
  note = {123 páginas},
  address =      {São Carlos - SP},
}

@MASTERSTHESIS{Izeki2001a,
  author =       {C. A. Izeki},
  title =        {{Collaborative Annotations as First Class Hyperdocuments}},
  school =       {Institute of Mathematic and Computer Science - University of São Paulo},
  year =         {2001},
  address =      {São Carlos - São Paulo},
}



@MASTERSTHESIS{Silva2000,
  author =       {W. F. Silva},
  title =        {{Sistema Hipermídia de Apoio à Documentação de Software: Uma Investigação sobre a `Mudança de Domínio de Software'}},
  school =       {Instituto de Ciências Matemáticas e de Computação - Universidade de São Paulo},
  year =         {2000},
  address =      {São Carlos - SP},
}

@misc {free06,
    author = {{The Free Software Foundation}},
    title = {{Categories of Free and Non-Free Software}},
    year = {2006},
    note = {http://www.gnu.org/philosophy/categories.html; Visitado em Julho de 2006},
}

@misc{op06,
    author = {{Open Source Initiative}},
    title = {{The Open Source Definition}},
    year = {2006},
    url = {
    \url{http://www.opensource.org/docs/definition.php}},
    note = {Visitado em Julho de 2006},
}


@misc{Burge1998,
  author =     {J. Burge},
  title =      {{Design Rationale Types and Tools}},
  year =       {1998},
  url =        {http://www.cs.wpi.edu/Research/aidg/DR-Rpt98.html},
  lastaccess = {19/03/2002},
}

@incollection{manif01_erro,
  author = {{K. Beck and M. Beedle and A. Bennekum and A. Cockburn and W. Cunningham and M. Fowler and J. Grenning and J. Highsmith and A. Hunt and R. Jeffries and J. Kern and B. Marick and R. C. Martin and S. Mellor and K. Schwaber and J. Sutherland and D. Thomas}},
  title = {{Manifesto for Agile Software Development}},
  year =  {2001},
  url =   {http://agilemanifesto.org/},
  lastaccess = {29/08/2006},
}

@misc{manif01,
  author = {K. Beck and M. Beedle and A. Bennekum and A. Cockburn and W. Cunningham and M. Fowler and J. Grenning and J. Highsmith and A. Hunt and R. Jeffries and J. Kern and B. Marick and R. C. Martin and S. Mellor and K. Schwaber and J. Sutherland and D. Thomas},
  title = {{Manifesto for Agile Software Development}},
  year =  {2001},
  url =   {http://agilemanifesto.org/},
  lastaccess = {29/08/2006}
}

@misc{mpsbr,
  author =     {MPS-BR},
  title =      {{Melhoria de Processo do Software Brasileiro}},
  year =       {2006},
  url =        {http://www.softex.br/portal/mpsbr/_home/default.asp},
  lastaccess = {07/08/2006},
}

@misc{CVS05,
  author =     {CVS},
  title =      {{Concurrent Versions System}},
  year =       {2005},
  url =        {https://www.cvshome.org/docs/manual/},
  lastaccess = {05/03/2005},
  note=        {Disponível em \url{https://www.cvshome.org/docs/manual/} -- Último acesso em 05/03/2005}
}

@misc{swebok05,
  author =     {Swebok},
  title =      {{Guide to the Software Engineering Body of Knowledge}},
  year =       {2005},
  url =        {http://www.swebok.org/},
  lastaccess = {05/03/2005},
  note=        {Disponível em \url{http://www.swebok.org/} -- Último acesso em 05/03/2005}
}


@misc{Bug05,
  author =     {Bugzilla},
  year =       {2005},
  url =        {http://www.bugzilla.org/},
  lastaccess = {05/03/2005},
  note=        {Disponível em \url{http://www.bugzilla.org/} -- Último acesso em 05/03/2005}
}

@MISC{ArgoUML2003,
  author =       {{CollabNet, Inc.}},
  title =        {{ArgoUML} Project Home Page},
  year =         {2003},
  howpublished = {Online},
  note =         {disponível em \url{http://argouml.tigris.org/} -  último acesso em 28/02/2005},
  local =        {online}
}


@misc{Lu1999,
  author =     {S. C-Y. Lu and F. Udwadia and B. Burkett and J. Cai},
  title =      {{Design Rationale for Collaborative Engineering Design in the Socio-Technical Framework}},
  year =       {1999},
  url =        {http://impact.usc.edu/cerl/Task2/task2-2-3/DesignRationale.pdf},
  lastaccess = {03/03/2002},
}

@misc{Maidantchik1996,
  author =     {C. Maidantchik and G. B. Xexéo},
  title =      {{HyperDev: Hypertext Tool to Support Object-Oriented Software Development}},
  year =       {1996},
  url =        {http://www.cos.ufrj.br/~lodi/HyperDev/WWW/tableofcontents3_1.html},
  lastaccess = {05/04/2002},
}

@misc{Michaelis2002,
  author =     {Michaelis},
  title =      {{Michaelis Moderno Dicionário da Língua Portuguesa}},
  year =       {2002},
  url =        {http://www.uol.com.br/michaelis/},
  lastaccess = {08/04/2002},
}

@phdthesis{Wiegeraad1999,
  author =     {Silvan Wiegeraad},
  title =      {{Development of a Design History Information System}},
  year =       {1999},
  school=      {Universiteitsdrukkerij Technische Universiteit Eindhoven},
}

@TECHREPORT{Gruber1991B,
  author =       {Thomas R. Gruber and Daniel M. Russell},
  title =        {{Design Knowledge and Design Rationale: A Framework for Representation, Capture and Use}},
  institution =  {Knowledge Systems Laboratory},
  year =         {1991},
}

@TECHREPORT{MacLean1995,
  author =       {Allan MacLean and Diane McKerlie},
  title =        {{Design Space Analysis and Use-Representations}},
  institution =  {Rank Xerox Research Centre},
  year =         {1995},
}

@TECHREPORT{Robbins1998B,
  author =       {J. E. Robbins},
  title =        {{Design Critiquing Systems}},
  institution =  {Department of Information and Computer Science, University of California},
  year =         {1998},
}

@INPROCEEDINGS{Pimentel-etal-2001,
  author = {M. G. C. Pimentel and C. A. Izeki and C. R. E. {Arruda Jr}},
  title =  {An {XML}-based {I}nfrastructure {S}upporting {C}ollaborative
           {A}nnotations as {F}irst-class {H}yperdocuments},
  booktitle = {Proceedings of VII Brazilian Symposium of Multimedia and
  Hypermedia Systems},
  year =      {2001},
  address=    {Florian\'{o}polis, SC},
  pages=      {173--186},
}
