@BOOK{Pressman2000,
  author =       {R. S. Pressman},
  title =        {Software Engineering - A Practitioner's Approach},
  publisher =    {McGraw-Hill},
  year =         {2000},
  edition =      {5$^{th}$}
}