% This file was created with JabRef 2.3.1.
% Encoding: UTF8

@PREAMBLE{
" "
}

@STRING{AAAI = {American Association for Artificial Intelligence}}

@STRING{AAI = {Applied Artificial Intelligence}}

@STRING{AI = {Artificial Intelligence}}

@STRING{AIMag = {AI Magazine}}

@STRING{CACM = {Communications of the ACM}}

@STRING{KAP = {Kluwer Academic Publishers}}

@STRING{LNAI = {Lecture Notes in Artificial Intelligence}}

@STRING{LNCS = {Lecture Notes in Computer Science}}

@STRING{MK = {Morgan Kaufmann}}

@STRING{ML = {Machine Learning}}

@STRING{SV = {Springer-Verlag}}

@INPROCEEDINGS{AleixoPardo:2008,
  author = {Priscila Aleixo and Thiago Alexandre Salgueiro Pardo},
  title = {CSTTool: um parser multidocumento automático para o Português do
	Brasil},
  booktitle = {Proceedings of the IV Workshop on MSc Dissertation and PhD Thesis
	in Artificial Intelligence (WTDIA)},
  year = {2008},
  pages = {1-10},
  owner = {Merley},
  timestamp = {2008.08.18}
}

@ARTICLE{AlmOlivAl:2006,
  author = {G. M. B. Almeida and L. H. M. Oliveira and S. M. Aluísio},
  title = {A Terminologia na Era da Informática},
  journal = {Ciência e Cultura},
  year = {2006},
  volume = {58},
  pages = {42, 45},
  number = {2},
  months = {Abril - Junho},
  notes = {São Paulo}
}

@INPROCEEDINGS{AlvaresEtAl:2005,
  author = {Reinaldo Viana Alvares and Ana Cristina Garcia and Inhauma Ferraz},
  title = {STEMBR: A Stemming Algorithm for the Brazilian Portuguese Language},
  booktitle = {Progress in Artificial Intelligence - 12th Portuguese Conference
	on Artificial Intelligence (EPIA) 2005, Covilhã, Portugal},
  year = {2005},
  volume = {3808/2005},
  pages = {693--701},
  month = {November},
  publisher = {Springer Berlin / Heidelberg},
  doi = {10.1007/11595014_67},
  file = {:C\:\\Mel\\Projeto\\bases usadas\\AlvaresEtAl2005.pdf:PDF},
  owner = {Merley},
  timestamp = {2009.05.13}
}

@BOOK{Anderberg:1973,
  title = {Cluster Analysis for Applications},
  publisher = {Academic Press Inc},
  year = {1973},
  author = {Michael Anderberg},
  isbn = {0-12-057650-3}
}

@PHDTHESIS{Aranha:2007,
  author = {Christian Nunes Aranha},
  title = {Uma Abordagem de Pré-Processamento Automático para Mineração de Textos
	em Português: sob o Enfoque da Inteligência Computacional},
  school = {Departamento de Engenharia Elétrica - PUC - Rio de Janeiro},
  year = {2007},
  file = {Aranha-Tese Dr. PUC Rio 2007.pdf:D\:\\Mel\\ProjetoMestrado\\Solange\\bases
	usadas\\Aranha-Tese Dr. PUC Rio 2007.pdf:PDF},
  owner = {merleyc},
  timestamp = {2008.02.22}
}

@ARTICLE{AraujoTarapanoff:2006,
  author = {Araújo Jr, R. H. and K. Tarapanoff},
  title = {Precisão no processo de busca e recuperação da informação: uso da
	mineração de textos},
  journal = {Ciência da Informação},
  year = {2006},
  volume = {35},
  pages = {236--247},
  number = {3},
  month = {setembro - dezembro},
  note = {{ISSN} 0100-1965},
  file = {AraújoJr_Tarapanoff 2006.pdf:D\:\\Mel\\TCC\\Solange\\bases usadas\\AraújoJr_Tarapanoff
	2006.pdf:PDF},
  owner = {merleyc},
  review = {Trata da comparação entre a indexação manual e a ferramenta de mineração
	de textos, por meio da análise do indice de precisao de resposta
	no processo de busca e recuperação da informação. O estudo de caso
	escolhido para o desenvolvimento da pesquisa foi o Centro de Referencia
	e Informação em Habitação (Infohab), cuja base de dados sobre habitação,
	saneamento e urbanização foi indexada de forma manual por bibliotecarios
	da Caixa Economica Federal, com base em uma lista de palavras-chave.
	Houve o desenvolvimento de um prototipo cujos itens bibliograficos
	correspondem as teses e dissertações contidas no Infohab, o que permitiu
	a aplicação do software BR/Search para a execução da mineração de
	textos. As pesquisas no Infohab e no prototipo foram realizadas a
	partir da demanda de especialistas da Caixa nos assuntos contidos
	na base. Conclui que nao há ganhos significativos na precisao ao
	se aplicar a ferramenta de mineração de textos em relação a indexação
	manual.},
  timestamp = {2007.10.25}
}

@ARTICLE{BacarditButz:2004,
  author = {Jaume Bacardit and Martin V. Butz},
  title = {Data mining in Learning Classifier Systems: Comparing XCS with GAssist},
  journal = {Seventh International Workshop on Learning Classifier Systems (IWLCS),
	Seattle, USA - Springer},
  year = {2004},
  pages = {282--290},
  file = {Bacardit 2004.pdf:D\:\\Mel\\ProjetoMestrado\\Solange\\bases usadas\\Bacardit
	2004.pdf:PDF}
}

@INPROCEEDINGS{Pedersen:2003,
  author = {Banerjee, S. and Pedersen, T.},
  title = {The Design, Implementation, and Use of the {N}gram {S}tatistic {P}ackage},
  booktitle = {Proceedings of the Fourth International Conference on Intelligent
	Text Processing and Computational Linguistics (CICLing)},
  year = {2003},
  pages = {370--381},
  address = {Mexico},
  month = {February}
}

@PHDTHESIS{Batista:2003,
  author = {Batista, Gustavo Enrique de Almeida Prado Alves},
  title = {Pré-processamento de dados em aprendizado de máquina supervisionado},
  school = {Instituto de Ciências Matemáticas e de Computação (ICMC) - USP, São Carlos},
  year = {2003},
  month = {Maio},
  file = {Batista 2003.pdf:D\:\\Mel\\ProjetoMestrado\\Solange\\bases usadas\\Batista
	2003.pdf:PDF},
  owner = {merleyc},
  timestamp = {2008.02.23}
}

@ARTICLE{BekkermanJMRL:2003,
  author = {Ron Bekkerman and Ran El-Yaniv and Naftali Tishby and Yoad Winter},
  title = {Distributional Word Clusters vs. Words for Text Categorization},
  journal = {Journal of Machine Learning Research (JMLR)},
  year = {2003},
  volume = {3},
  pages = {1183-1208},
  bibsource = {DBLP, http://dblp.uni-trier.de},
  ee = {http://www.jmlr.org/papers/v3/bekkerman03a.html}
}

@ARTICLE{BerryDumaisBrien:1995,
  author = {M. Berry and S. Dumais and G. O'Brien},
  title = {Using Linear Algebra for Intelligent Information Retrieval},
  journal = {SIAM Review},
  year = {1995},
  volume = {4},
  pages = {573--595},
  number = {37}
}

@ARTICLE{BerryLinoff:1997,
  author = {M. J. A. Berry and G. Linoff},
  title = {Data Mining Techniques},
  journal = {Wiley Computer Publishing},
  year = {1997}
}

@ARTICLE{BrefeldScheffer:2004,
  author = {Ulf Brefeld and Tobias Scheffer},
  title = {Co-EM support vector learning},
  journal = {Proceedings of the twenty-first international conference on Machine learning (ICML)},
  year = {2004},
  volume = {69},
  pages = {16},
  address = {New York, NY, USA},
  doi = {http://doi.acm.org/10.1145/1015330.1015350},
  file = {Brefeld 2004.pdf:D\:\\Mel\\ProjetoMestrado\\Solange\\bases usadas\\Brefeld
	2004.pdf:PDF},
  isbn = {1-58113-828-5},
  location = {Banff, Alberta, Canada},
  publisher = {Association for Computing Machinery (ACM)},
 % url = {citeseer.ist.psu.edu/brefeld04coem.html}
}

@ARTICLE{Brill:1995,
  author = {Eric Brill},
  title = {Transformation-based error-driven learning of natural language: A
	case study in part of speech tagging},
  journal = {Computational Linguistics 21},
  year = {1995},
  pages = {543--565},
  file = {:C\:\\Mel\\Projeto\\bases usadas\\Brill1995.pdf},
  review = {Trata do etiquetador de textos chamado BRILL. Referência tirada do
	site do NILC - USP, especificamente do LacioWeb.},
  timestamp = {2008.04.11},
%  url = {http://www.cs.jhu.edu/~brill/}
}

@INPROCEEDINGS{BrisaboaEtAl:2002,
  author = {Nieves R. Brisaboa and Carlos Callón and Juan-Ramón López and Ángeles
	S. Places and Goretti Sanmartí­n},
  title = {Stemming Galician Texts},
  booktitle = {String processing and information retrieval: 9th International Symposium
	(SPIRE), Lisbon, Portugal, September , 2002 : proceeedings},
  year = {2002},
  pages = {201-206},
  month = {January},
  abstract = {Algoritmo de stemmização para a lí­ngua galega. Usou o algoritmo de
	Porter e PortugueseStemmer (Orengo:2001).
	
	A lí­ngua galega é o nome oficial em Espanha e na União Europeia do
	idioma natural da Comunidade Autônoma da Galiza. O galego fala-se
	na Galiza, na fronteira com as comunidades autônomas das Astúrias
	e Castela-Leão e nas comunidades de galegos emigrantes, como na Argentina,
	Cuba e no Uruguai (mais de três milhões de emigrantes galegos moram
	naqueles paí­ses).},
  doi = {10.1007/3-540-45735-6_9},
  file = {:C\:\\Mel\\Projeto\\bases usadas\\Brisaboa2002.pdf:PDF},
  owner = {Merley},
  timestamp = {2009.05.13}
}

@ARTICLE{CaldImaRezende:2001,
  author = {Caldas Junior, J. and Imamura, C.Y.M. and Rezende, S.O.},
  title = {Avaliação de um Algoritmo de Stemming para o Lí­ngua Portuguesa},
  journal = {Proceedings of the 2nd Congress of Logic Applied to Technology (LAPTEC)},
  year = {2001},
  volume = {2},
  pages = {267--274},
  %url = {http://www.nilc.icmc.usp.br/nilc/tools/stemmer.html}
}

@ARTICLE{Cardoso:2000,
  author = {Olinda Nogueira Paes Cardoso},
  title = {Recuperação de Informação},
  journal = {Infocomp Revista de Computação da Ufla},
  year = {2000},
  volume = {1},
  pages = {33--38},
%  url = {http://www.dcc.ufla.br/infocomp/artigos/v2.1/art07.pdf}
}

@ARTICLE{Chaves:2003,
  author = {M S Chaves},
  title = {Um Estudo e Apreciação sobre Algoritmos de Stemming para a Lí­ngua
	Portuguesa},
  journal = {XI Jornadas Iberoamericanas de Informática, Cartagena de Índia, Colômbia},
  year = {2003},
  pages = {1--15},
  abstract = {Um estudo da precisao dos algoritmos de radicalizacao Pegastemming
	e PortugueseStemmer.},
  file = {:C\:\\Mel\\Projeto\\bases usadas\\Chaves2003.pdf:PDF},
  owner = {Merley},
  timestamp = {2009.06.16},
%  url = {http://mchaves.wdfiles.com/local--files/publicacoes/stemming-jii2003}
}

@ARTICLE{Choueka:1988,
  author = {Yaacov Choueka},
  title = {Looking for needles in a haystack or locating interesting collocational
	expressions in large textual data bases},
  journal = {Proceedings of the Computer-Assisted Information Retrieval (RIAO) - Conference on User-Oriented Content-Based Text and Image Handling},
  year = {1988},
  pages = {609--623}
}

@INPROCEEDINGS{ConEtAl:2009,
  author = {Merley Silva Conrado and Ricardo Marcondes Marcacini and Maria Fernanda
	Moura and Solange Oliveira Rezende},
  title = {O Efeito do uso de Diferentes Formas de Geração de Termos na Compreensibilidade
	e Representatividade dos Termos em Coleções Textuais na Língua Portuguesa},
  booktitle = {II Workshop on Web {and} Text Intelligence (WTI)},
  year = {2009},
  note = {A ser publicado},
  owner = {Merley},
  timestamp = {2009.07.09}
}

@TECHREPORT{ConradoEtAl:2009,
  author = {Merley Silva Conrado and Maria Fernanda Moura and Ricardo Marcondes
	Marcacini and Solange Oliveira Rezende},
  title = {Avaliando Diferentes Formas de Geração de Termos a partir de Coleções
	Textuais},
  institution = {Instituto de Ciências Matemáticas e de Computação (ICMC) - USP, São Carlos},
  year = {2009},
  number = {334},
  month = {Janeiro},
  owner = {Merley},
  url = {http://www.icmc.usp.br/~biblio/BIBLIOTECA/rel_tec/RT_334.pdf (20/05/2009)},
  timestamp = {2009.05.26}
}

@INPROCEEDINGS{ConRez:2008,
  author = {Merley Silva Conrado and Solange Oliveira Rezende},
  title = {Avaliando a Geração de Termos a partir de Coleções Textuais},
  booktitle = {Proceedings of the IV Workshop on MSc Dissertation and PhD Thesis
	in Artificial Intelligence (WTDIA)},
  year = {2008},
  pages = {1-10},
  owner = {Merley},
  timestamp = {2008.08.18}
}

@BOOK{Cruse:1986,
  title = {Lexical semantics},
  publisher = {New York: Cambridge University Press},
  year = {1986},
  author = {Cruse, D.A.},
  pages = {328},
  abstract = {foi citado pelo artigo A CONSTRUÇÃO DE UM THESAURUS ELETRÔNICO PARA
	O PORTUGUÊS DO BRASIL cujos autores sao Bento Carlos DIAS-DA-SILVA
	e Helio Roberto de MORAES do ano de 2003. O pdf correspondente é
	Dias-da-silva2003.pdf.},
  owner = {Merley},
  timestamp = {2009.06.16}
}

@inproceedings{DagChu:1994,
 author = {Dagan, Ido and Church, Ken},
 title = {Termight: Identifying and Translating Technical Terminology},
 booktitle = {Proceedings of the Fourth Conference on Applied Natural Language Processing (ANLP)},
 year = {1994},
 pages = {34--40},
 location = {Stuttgart, Germany},
 doi = {http://dx.doi.org/10.3115/974358.974367},
 publisher = {Association for Computational Linguistics},
 address = {Morristown, NJ, USA},
 owner = {Merley},
 timestamp = {2009.06.19}
 }

@TECHREPORT{LuccaNunes:2002,
  author = {De Lucca, J. L. and Nunes, M.G.V.},
  title = {Lematização versus Stemming},
  institution = {Instituto de Ciências Matemáticas e de Computação (ICMC) - USP, São Carlos},
  year = {2002},
  number = {14},
  address = {São Carlos, SP},
  abstract = {Comparacoes teoricas sobre as tecnicas de lematizacao e radicalizacao},
  url = {http://www.nilc.icmc.usp.br/nilc/download/lematizacao_versus_steming.pdf (15/06/2009)}
}

@ARTICLE{DhillonJMRL:2003,
  author = {Inderjit S Dhillon and Subramanyam Mallela and Rahul Kumar},
  title = {A Divisive Information-Theoretic Feature Clustering Algorithm for
	Text Classification},
  journal = {Journal of Machine Learning Research},
  year = {2003},
  volume = {3},
  pages = {1265--1287},
  number = {3}
}

@ARTICLE{Dias:2006,
  author = {Gael Dias and Cláudia Santos and Guillaume Cleuziou},
  title = {Automatic Knowledge Representation using a Graph-based Algorithm
	for Language-Independent Lexical Chaining},
  journal = {Proceedings of the Workshop on Information Extraction Beyond the
	Document associated to the Joint Conference of the International
	Committee of Computational Linguistics and the Association for Computational
	Linguistics (COLING/ACL)},
  year = {2006},
  pages = {p. 36--47},
  month = {July 22},
  eid = {ISBN: 1-932432-74-4},
  note = {Sydney, Australia},
  file = {:C\:\\Mel\\Projeto\\bases usadas\\Dias2006.pdf:PDF},
  owner = {Merley},
  timestamp = {2008.08.17}
}

@ARTICLE{Dias-da-Silva:2004,
  author = {Bento Carlos {Dias-da-Silva}},
  title = {{Wordnet.Br}: an exercise of human language technology research},
  journal = {Palavra (PUCRJ)},
  year = {2004},
  volume = {12},
  pages = {15--24},
  note = {{R}io de Janeiro},
  file = {:C\:\\Mel\\Projeto\\bases usadas\\Dias-da-silva_complemento_da_descricao_wordnetBr.pdf:PDF;:C\:\\Mel\\Projeto\\bases
	usadas\\Dias-da-Silva2004.pdf:PDF},
  owner = {Merley},
  timestamp = {2009.06.16}
}

@ARTICLE{Dias-da-Silva:2000,
  author = {Bento Carlos {Dias-da-Silva} and Helio Roberto de Moraes and Mirna
	Fernanda de Oliveira and Ricardo Hasegawa and D. A. Amorim and C.
	Nascimento},
  title = {Construção de um Thesaurus eletrônico para o Português do {B}rasil},
  journal = {Processamento Computacional do Português Escrito e Falado (PROPOR)},
  year = {2000},
  volume = {4},
  pages = {01--10},
  month = {Novembro},
  note = {Atibaia, São Paulo},
  abstract = {Descreve a construção do thesaurus TeP (Thesaurus Eletrônico para
	o Português do Brasil).},
  file = {:C\:\\Mel\\Projeto\\bases usadas\\Dias-da-Silva2000.pdf:PDF},
  owner = {Merley},
  timestamp = {2009.05.12},
%  url = {http://www.nilc.icmc.usp.br/tep2/Dias-da-Silva_et_al.PROPOR.2000.pdf}
}

@ARTICLE{Dias-da-silva:2003,
  author = {Bento Carlos {Dias-da-Silva} and Helio Roberto Morales},
  title = {A construção de um thesaurus eletrônico para o português do Brasil},
  journal = {ALFA - Revista de Lingüí­stica},
  year = {2003},
  volume = {47},
  pages = {101--115},
  number = {2},
  month = {Julho},
  file = {:C\:\\Mel\\Projeto\\bases usadas\\Dias-da-silva2003.pdf:PDF},
  owner = {Merley},
  timestamp = {2009.05.12}
}

@INPROCEEDINGS{Dupret:2005,
  author = {Georges Dupret and Benjamin Piwowarski},
  title = {Deducing a term taxonomy from term similarities},
  booktitle = {Proceedings of Second International Workshop on Knowledge Discovery
	and Ontologies (KDO)},
  year = {2005},
  pages = {11--22}
}

@INCOLLECTION{Rezende:2003b,
  author = {Ebecken, Nelson Francisco Favilla and Lopes, Maria Celia Santos and
	Aragão, Myrian Christina de},
  title = {Mineração de Textos},
  booktitle = {Sistemas Inteligentes: Fundamentos e Aplicações},
  publisher = {Manole},
  year = {2003},
  editor = {Solange Oliveira Rezende},
  chapter = {13},
  pages = {337--364},
  edition = {1}
}

@INPROCEEDINGS{EkWille:1998,
  author = {Peter W. Eklund and Rudolf Wille},
  title = {A Multimodal Approach To Term Extraction Using A Rhetorical Structure
	Theory Tagger And Formal Concept Analysis},
  booktitle = {In Proceedings of the 2nd International Conference on Multi-modal
	Communication (CMC)},
  year = {1998},
  pages = {90--9011386},
  file = {:C\:\\Mel\\Projeto\\bases usadas\\trabalhos_relacionados\\EkWille1998.pdf:PDF},
  owner = {Merley},
  timestamp = {2009.06.19}
}

@MISC{AgInfEmbrapa:2005,
  author = {Embrapa},
  title = {Agência de Informação Embrapa},
  year = {2005},
  note = {Embrapa Informática Agropecuária. Cam\-pi\-nas. Disponível em: http://www.agencia.cnptia.embrapa.br.
	[19/06/2007]}
}

@INPROCEEDINGS{Evangelista:2003,
  author = {Sílvio R. M. Evangelista and Kleber X. S. Souza and Márcia I. F.
	Souza and Sérgio A. B. Cruz and Maria A. A. Leite and Adriana D.
	Santos and Maria F. Moura},
  title = {Gerenciador de conteúdos da Agência Embrapa de Informação},
  booktitle = {International Symposium on Knowledge Management (ISKM)},
  year = {2003},
  editor = {Curitiba: Pontifícia Universidade Católica do Paraná},
  volume = {CD-ROM},
  pages = {1-12}
}

@BOOK{Everitt:2001,
  title = {Cluster Analysis},
  publisher = {Arnold},
  year = {2001},
  author = {Brian Everitt and Sabine Landau and Morven Leese},
  pages = {248},
  isbn = {0-340-76119-9}
}

@INCOLLECTION{Fayyad:1996a,
  author = {Usama M. Fayyad and Gregory Piatetsky-Shapiro and Padhraic Smyth},
  title = {From Data Mining to Knowledge Discovery: An Overview},
  booktitle = {Advances in Knowledge Discovery and Data Mining - Artificial Intelligence
	Magazine},
  publisher = {The American Association for Artificial Intelligence (AAAI Press)},
  year = {1996},
  editor = {U. M. Fayyad and G. Piatetsky-Shapiro and P. Smyth and R. Uthurusamy},
  chapter = {1},
  pages = {1--34},
  address = {Menlo Park, CA, USA}
}

@ARTICLE{Fayyad:1996b,
  author = {Usama Fayyad and Gregory Piatetsky-shapiro and Padhraic Smyth and Terry Widener},
  title = {The {KDD} Process for Extracting Useful Knowledge from Volumes of
	Data},
  journal = {Communications of the ACM},
  year = {1996},
  volume = {39},
  pages = {27--34},
  number = {11}
}

@ARTICLE{Frawley:1992,
  author = {William J. Frawley and Gregory Piatetsky-Shapiro and Christopher
	J. Matheus},
  title = {Knowledge discovery in databases: an overview},
  journal = {The American Association for Artificial Intelligence (AAAI Magazine)},
  year = {1992},
  pages = {213--228},
  file = {Frawley 1992.pdf:D\:\\Mel\\ProjetoMestrado\\Solange\\bases usadas\\Frawley
	1992.pdf:PDF}
}

@INPROCEEDINGS{Fung:1998,
  author = {Pascale Fung},
  title = {Extracting Key Terms from Chinese and Japanese texts},
  booktitle = {Computer Processing of Oriental Languages},
  year = {1998},
  pages = {99--121},
  file = {:C\:\\Mel\\Projeto\\bases usadas\\trabalhos_relacionados\\Fung1998.pdf:PDF},
  owner = {Merley},
  timestamp = {2009.06.19}
}

@ARTICLE{John:2007,
  author = {John F. Gantz and David Reinsel and Christopher Chute and Wolfgang
	Schlichting and John McArthur and Stephen Minton and Irida Xheneti
	and Anna Toncheva and Alex Manfrediz},
  title = {The Expanding Digital Universe: A Forecast of Worldwide Information
	Growth Through 2010},
  journal = {External Publication of IDC (Analyse the Future) Information and
	Data},
  year = {2007},
  pages = {1--21},
  month = {March},
  abstract = {Valores sobre o crescimento da quantidade de informação em 2006 e
	estimativa do mesmo para 2006 a 2010. Muito interessante!},
  file = {John 2007.pdf:D\:\\Mel\\ProjetoMestrado\\Solange\\bases usadas\\John
	2007.pdf:PDF},
  owner = {merleyc},
  timestamp = {2008.02.25},
%  url = {www.idc.com}
}

@INCOLLECTION{GarraoDias:2008,
  author = {Milena Uzeda Garrão and Maria Carmelita Padua Dias},
  title = {Uma abordagem estatística para a identificação de colocações verbais
	usando o projeto AC/DC em www.linguateca.pt},
  booktitle = {Perspectivas sobre a Linguateca / Actas do encontro Linguateca: 10
	anos},
  publisher = {Linguateca},
  year = {2008},
  editor = {Luís Costa and Diana Santos and Nuno Cardoso},
  chapter = {10},
  pages = {65--69},
%  url = {http://www.linguateca.pt/LivroL10/Cap10-Costaetal2008-GarraoDias.pdf}
}

@ARTICLE{GeanKaest:2004,
  author = {Chu Chia Gean and Celso Antônio Alves Kaestner},
  title = {Classificação Automática de Documentos usando Subespaços Aleatórios
	e Conjuntos de Classificadores},
  journal = {Segundo Workshop em Tecnologia da Informação e da Linguagem Humana (TIL)},
  year = {2004},
  volume = {1},
  pages = {1-8},
  series = {Anais do Congresso da Sociedade Brasileira da Computação (SBC)}
}

@ARTICLE{GennariEtAl:2002,
  author = {John H. Gennari and Mark A. Musen and Ray W. Fergerson and William
	E. Grosso and Monica Crub\'{e}zy and Henrik Eriksson and Natalya
	F. Noy and Samson W. Tu},
  title = {The evolution of Prot\'{e}g\'{e}: an environment for knowledge-based
	systems development},
  journal = {International Journal of Human-Computer Studies},
  year = {2002},
  volume = {58},
  pages = {89--123},
  number = {1},
  abstract = {Ferramenta Protégé (para ontologias).},
  address = {Duluth, MN, USA},
  doi = {http://dx.doi.org/10.1016/S1071-5819(02)00127-1},
  file = {:C\:\\Mel\\Projeto\\bases usadas\\GennariEtAl2003.pdf:PDF},
  issn = {1071-5819},
  owner = {Merley},
  publisher = {Academic Press, Inc.},
  timestamp = {2009.05.13}
}

@PHDTHESIS{Gonzalez:2005,
  author = {Marco Antonio Insaurriaga Gonzalez},
  title = {Termos e Relacionamentos em Evidência na Recuperação de Informação},
  school = {Instituto de Informática - Universidade Federal do Rio Grando do Sul - Porto Alegre},
  year = {2005},
  file = {Gonzalez2005.pdf:D\:\\Mel\\ProjetoMestrado\\Solange\\bases usadas\\Gonzalez2005.pdf:PDF},
  owner = {merleyc}
}

@ARTICLE{GonzalezLima:2006,
  author = {Marco Antonio Insaurriaga Gonzalez and Vera Lúcia Strube de Lima
	and José Valdeni de Lima},
  title = {Tools for Nominalization: An Alternative for Lexical Normalization},
  journal = {Proceedings of the VII Workshop on Computational Processing of Written
	and Spoken Portuguese (PROPOR)},
  publisher = {Springer Berlin / Heidelberg},
  year = {2006},
  volume = {3960},
  pages = {100--109},
  month = {May},
  abstract = {Ferramenta denominada Forma, para toquenização e etiquetagem morfológica,
	
	
	Ferramenta denominada Chama, para nominalização de adjetivos, advérbios
	e verbos.},
  citeseerurl = {http://www.springerlink.com/content/14v5164732263w24/},
  doi = {10.1007/11751984_11},
  owner = {Merley},
  timestamp = {2008.04.23},
  %url = {http://www.inf.pucrs.br/~gonzalez/tr+/forma/}
}

@ARTICLE{Gruber:1995,
  author = {T. R. Gruber},
  title = {Towards principles for the design of ontologies used for knowledge
	sharing},
  journal = {International Journal of Human-Computer Studies},
  year = {1995},
  volume = {43},
  pages = {907--928},
  abstract = {Definição de ontologias}
}

@ARTICLE{Guyon:2003,
  author = {Isabelle Guyon and André Elisseeff},
  title = {An Introduction to Variable and Feature Selection},
  journal = {Journal of Machine Learning Research},
  year = {2003},
  volume = {3},
  pages = {1157-1182},
  bibsource = {DBLP, http://dblp.uni-trier.de},
  ee = {http://www.jmlr.org/papers/v3/guyon03a.html}
}

@BOOK{Han:2006,
  title = {Data mining: concepts and techniques},
  publisher = {San Diego, CA: Academic},
  year = {2006},
  editor = {Morgan Kaufmann},
  author = {Jiawei Han and Micheline Kamber},
  edition = {2nd},
  month = {March},
  note = {{ISBN} 1-55860-901-6},
  abstract = {Há notas bibliograficas em pdf do livro no site: http://www-faculty.cs.uiuc.edu/~hanj/bk2/bibindex.html
	[21/02/2008].}
}

@ARTICLE{Harman:1991,
  author = {Donna Harman},
  title = {How effective is suffixing?},
  journal = {Journal of of the American Society for Information},
  year = {1991},
  volume = {42},
  pages = {7--15},
  abstract = {Algoritmo Stemmer S.},
  file = {Harman 1991.pdf:D\:\\Mel\\ProjetoMestrado\\Solange\\bases usadas\\Harman
	1991.pdf:PDF},
  owner = {merleyc},
  timestamp = {2008.02.22}
}

@BOOK{Lucene:2005,
  title = {Lucene in Action: A guide to the Java search engine},
  publisher = {Manning Publications Co.},
  year = {2005},
  author = {Erik Hatcher and Otis Gospodnetic},
  abstract = {Contém duas API em Java para radicalização.},
  owner = {Merley},
  timestamp = {2009.05.11},
%  url = {http://lucene.apache.org/index.html}
}

@MASTERSTHESIS{HonoratoMonard:2008,
  author = {Daniel Faveri Honorato and Maria Carollina Monard},
  title = {Metodologia para mapeamento de informações não estruturadas descritas
	em laudos médicos para uma representação atributo-valor},
  school = {Instituto de Ciências Matemáticas e de Computação (ICMC) -- USP, São Carlos},
  year = {2008},
  file = {:C\:\\Mel\\Projeto\\bases usadas\\trabalhos_relacionados\\HonoratoMonard2008.pdf:PDF},
  owner = {Merley},
  timestamp = {2009.06.20}
}

@BOOK{Howland:2004,
  title = {Cluster-preserving dimension reduction methods for efficient classification
	of text data},
  publisher = {Springer-Verlag},
  year = {2004},
  author = {P. Howland and H. Park},
  pages = {3--23},
  address = {Berry, M. W., editor, Survey of Text Mining Clustering, Classification
	and Retrieval, chapter 1. 1 edition}
}

@MASTERSTHESIS{Ribeiro:2008,
  author = {Luiz Carlos Ribeiro Junior},
  title = {{OntoLP}: construção semi-automática de ontologias a partir de textos
	da lingua portuguesa},
  school = {Universidade do Vale do Rio dos Sinos},
  year = {2008},
  month = {Setembro},
  abstract = {OtoLP: desenvolvida esta ferramenta (plug-in) de auxí­lio à construção
	de ontologias para a lí­ngua portuguesa integrada ao ambiente Protégé.},
  file = {:C\:\\Mel\\Projeto\\bases usadas\\Ribeiro2008.pdf:PDF},
  owner = {Merley},
  timestamp = {2009.05.13},
%  url = {http://bdtd.unisinos.br/tde_busca/arquivo.php?codArquivo=603}
}

@BOOK{kantardzic,
  title = {Data Mining: Concepts, Models, Methods, and Algorithms},
  publisher = {John Wiley \& Sons},
  year = {2003},
  author = {Mehmed Kantardzic},
  address = {Piscataway, NJ, EUA},
  isbn = {0471228524}
}

@ARTICLE{KaEtAl:2005,
  author = {Kashyap, Vipul and Ramakrishnan, Cartic and Thomas, Christopher and
	Sheth, A.},
  title = {{TaxaMiner}: an experimentation framework for automated taxonomy
	bootstrapping},
  journal = {International Journal of Web and Grid Services (IJWGS)},
  year = {2005},
  volume = {1},
  pages = {240--266},
  number = {2},
  address = {Inderscience Publishers, Geneva, SWITZERLAND},
  doi = {http://dx.doi.org/10.1504/IJWGS.2005.008322},
  file = {:C\:\\Mel\\Projeto\\bases usadas\\trabalhos_relacionados\\KaEtAl:2005.pdf:PDF},
  issn = {1741-1106},
  publisher = {Inderscience Publishers}
}

@TECHREPORT{Kashyap:2004,
  author = {V Kashyap and C Ramakrishnan and C Thomas and A Sheth},
  title = {TaxaMiner: An Experimentation Framework for Automated Taxonomy Bootstrapping},
  institution = {computer Science Department - University of Georgia},
  year = {2004},
  url = {http://lsdis.cs.uga.edu/~cthomas/resources/taxaminer.pdf (17/04/2009)}
}

@ARTICLE{KilgaYallop:2000,
  author = {Adam Kilgarriff and Colin Yallop},
  title = {What's in a thesaurus?},
  journal = {Second Conference on Language Resources and Evaluation - LREC},
  year = {2000},
  pages = {100--108},
  month = {May-June},
  file = {KilgaYallop 2000.pdf:D\:\\Mel\\ProjetoMestrado\\Solange\\bases usadas\\KilgaYallop
	2000.pdf:PDF},
  notes = {Athen, Greece, June 2000},
  publisher = {Second Internaticional Conference on Language Resources and Evaluation}
}

@INPROCEEDINGS{KorEtAl:2004,
  author = {Korenius, Tuomo and Laurikkala, Jorma and J\"{a}rvelin, Kalervo and
	Juhola, Martti},
  title = {Stemming and lemmatization in the clustering of finnish text documents},
  booktitle = {Proceedings of the thirteenth ACM International Conference
	on Information and Knowledge Management (CIKM)},
  year = {2004},
  pages = {625--633},
  address = {New York, NY, USA},
  publisher = {Association for Computing Machinery (ACM)},
  doi = {http://doi.acm.org/10.1145/1031171.1031285},
  file = {:C\:\\Mel\\Projeto\\bases usadas\\KorEtAl2004.pdf:PDF},
  isbn = {1-58113-874-1},
  location = {Washington, D.C., USA},
  owner = {Merley},
  timestamp = {2009.06.16}
}

@ARTICLE{LawIEEE:2004,
  author = {Martin H C Law and Mário A T Figueiredo and Anil K Jain},
  title = {Simultaneous Feature Selection and Clustering Using Mixture Models},
  journal = {IEEE Transactions on Pattern Analysis and Machine intelligence},
  year = {2004},
  volume = {26},
  pages = {1154--1166},
  number = {9}
}

@ARTICLE{Lovins:1968,
  author = {Julie Beth Lovins},
  title = {Development of a stemming algorithm},
  journal = {Mechanical Translation and Computational Linguistics},
  year = {1968},
  volume = {11},
  pages = {22--31},
  abstract = {Material no site: http://www.comp.lancs.ac.uk/computing/research/stemming/index.htm
	[22/02/08].
	
	
	A stemming algorithm, a procedure to reduce all words with the same
	stem to a common form, is useful in many areas of computational linguistics
	and information retrieval work. While the form of the algorithm varies
	with its applications, certain linguistic problems are common to
	any stemming procedure. As a basis for evaluation of previous attempts
	to deal with these problems, the paper discusses the theoretical
	and practical attributes of stemming algorithms. A new version of
	a context-sensitive, longest-match stemming algorithm for English,
	developed for use in a library information transfer system but of
	general applications, is then proposed. A major linguistic problem
	in stemming, variation in spelling of stems, is discussed in some
	detail and several feasible programmed solutions are outlined, along
	with sample results of one of these methods.
	
	( Pego do site: http://stinet.dtic.mil/oai/oai?verb=getRecord&metadataPrefix=html&identifier=AD0735504
	[22/02/08])},
  owner = {merleyc},
  timestamp = {2008.02.22}
}

@ARTICLE{Luhn:1958,
  author = {H P Luhn},
  title = {The automatic creation of literature abstracts},
  journal = {IBM Journal os Research and Development},
  year = {1958},
  volume = {2},
  pages = {159--165},
  number = {2}
}

@BOOK{MaedPerkStaab:2002,
  title = {Ontology learning part one - on discovering taxonomic relations from
	the web},
  publisher = {Springer},
  year = {2002},
  editor = {Web Intelligence},
  author = {Alexander Maedche and Viktor Pekar and Steffen Staab},
  citeseerurl = {http://citeseer.ist.psu.edu/maedche02ontology.html},
  file = {MaedPerkStaab 2002.pdf:D\:\\Mel\\ProjetoMestrado\\Solange\\bases usadas\\MaedPerkStaab
	2002.pdf:PDF}
}

@INPROCEEDINGS{Mannila:1996,
  author = {H. Mannila},
  title = {Data Mining: Machine Learning, Statistics, and Databases},
  booktitle = {Proceedings of the Eighth International Conference on Scientific
	and Statistical Database Management},
  year = {1996},
  editor = {Per Svensson and James C. French},
  pages = {1--8},
  address = {Stockholm, Sweden},
  publisher = {IEEE Computer Society},
  isbn = {0-8186-7264-1}
}

@INCOLLECTION{ManningRagSchutze:2008,
  author = {Christopher D. Manning and Prabhakar Raghavan and Hinrich Schütze},
  title = {Language models for information retrieval},
  booktitle = {An Introduction to Information Retrieval},
  publisher = {Cambridge University Press},
  year = {2008},
  chapter = {12},
  month = {February},
  abstract = {Capí­tulo 2: Definição de "token is an instance of a sequence of characters
	in some particular document that are grouped TYPE together as a useful
	semantic unit for processing. A type is the class of all TERM tokens
	containing the same character sequence. A term is a (perhaps normalized)
	type that is included in the IR systemâs dictionary."
	
	Fala da preparação dos textos para o processamento; a tokenização
	(as escolhas de como tokenizar são especí­ficas de linguagens)},
  file = {:C\:\\Mel\\Projeto\\bases usadas\\ManningRagSchutze2008.pdf:PDF},
  owner = {Merley},
  timestamp = {2008.04.24},
%  url = {http://www.informationretrieval.org/}
}

@BOOK{ManningEtAl:2008,
  title = {Introduction to Information Retrieval},
  publisher = {Cambridge University Press},
  year = {2008},
  author = {Christopher D. Manning and Prabhakar Raghavan and Hinrich Schütze},
  isbn = {0-12-057650-3},
%  url = {http://nlp.stanford.edu/IR-book/pdf/01bool.pdf}
}

@BOOK{ManniSchut:2001,
  title = {Foundations of Statistical Natural Language Processing},
  publisher = {Mit Press},
  year = {2001},
  author = {Christopher D. Manning and Hinrich Schütze},
  address = {Cambridge, Massachusetts London, England},
  isbn = {0262133601}
}

@ARTICLE{MantelEtAl:1985,
  author = {Nathan Mantel and Kimberly C. Smith and Jacqueline L. Robertson and N. E. Savin},
  title = {Maximum Likelihood vs. Minimum Chi-Square},
  journal = {Biometrics},
  year = {1985},
  volume = {41},
  pages = {777-783},
  number = {3},
  publisher = {International Biometric Society},
%  url = {http://www.jstor.org/stable/2531298}
}

@ARTICLE{MarcaciniRezende:2008,
  author = {Ricardo M. Marcacini and Solange O. Rezende},
  title = {Técnicas de Visualização de Informação para Análise de Taxonomias
	de Tópicos},
  journal = {II Assembléia Geral do Instituto Fábrica do Milênio (IFM), Campinas, SP},
  year = {2008},
  volume = {1},
  pages = {1--248},
  number = {2},
  address = {Campinas, SP},
  publisher = {Instituto Fábrica do Milênio},
  abstract = {Ferramenta TaxTools}
}

@BOOK{MardiaEtAl:1979,
  title = {Multivariate Analysis},
  publisher = {Academic Press},
  year = {1979},
  author = {K. V. Mardia and J. T. Kent and J. M. Bibby},
  owner = {Merley},
  timestamp = {2009.06.20}
}

@PHDTHESIS{Martins:2003,
  author = {Claúdia Aparecida Martins},
  title = {Uma abordagem para pré-processamento de dados textuais em algoritmos
	de aprendizado},
  school = {Instituto de Ciências Matemáticas e de Computação (ICMC) - USP, São Carlos},
  year = {2003}
}

@ARTICLE{MartMatsubMon:2003,
  author = {Claudia Aparecida Martins and Edson Takashi Matsubara and Maria Carolina
	Monard},
  title = {Um estudo de caso utilizando uma ferramenta computacional que auxilia
	na redução da dimensão da representação de documentos em tarefas
	preditivas de Mineração de Textos},
  journal = {IV Workshop on Advances and Trends in AI, Chillan - In Proceedings
	of Fourth Workshop on Advances \& Trends in AI for Problem Solving (ATAI)},
  year = {2003},
  pages = {21-27},
  abstract = {Uma das tarefas de Mineração de Textos é classificar documentos em
	um conjunto pré-definido de categorias (classes). No entanto, devido
	a sua forma não estruturada, é necessário transformar os textos em
	um formato mais adequado, geralmente tabela atributo-valor, utilizado
	pela maioria dos algoritmos de Aprendizado de Máquina. Esta é uma
	tarefa não trivial caracterizada por uma alta dimensionalidade pois
	cada palavra pode ser um possível elemento do conjunto de atributos.
	Assim, a etapa de pré-processamento tem uma importância fundamental
	para obter um bom desempenho do algoritmo de extração de conhecimento.
	Neste trabalho é apresentado um estudo de caso utilizando uma coleção
	de textos relacionada a setores de industria, e uma ferramenta computacional
	que eficientemente transforma textos em palavras stems usando a abordagem
	bag-of-words.},
  file = {PreText.pdf:D\:\\Mel\\TCC\\Solange\\bases usadas\\PreText.pdf:PDF},
  institution = {IV Workshop on Advances and Trends in AI, 2003, Chillan. In Proceedings
	of 4th Workshop on Advances \& Trends in AI for Problem Solving,
	. p. 21-27.},
  owner = {merleyc},
  timestamp = {2007.11.27}
}

@TECHREPORT{Matsubara:2003,
  author = {Edson T. Matsubara and Cláudia A. Martins and Maria C. Monard},
  title = {PreTexT: uma ferramenta para pré-processamento de textos utilizando
	a abordagem bag-of-words},
  institution = {Instituto de Ciências Matemáticas e de Computação (ICMC) -- USP, São Carlos},
  year = {2003},
  number = {209},
  url = {ftp://ftp.icmc.sc.usp.br/pub/BIBLIOTECA/rel_tec/RT_209.pdf (10/03/2008)}
  file = {Matsubara 2003.pdf:D\:\\Mel\\ProjetoMestrado\\Solange\\bases usadas\\Matsubara
	2003.pdf:PDF}
}

@INPROCEEDINGS{MayAna:2000,
  author = {Diana Maynard and Sophia Ananiadou},
  title = {Identifying Terms by their Family and Friends},
  booktitle = {Proceedings of 18th International Conference
on Computational Linguistics (COLING), Saarbrucken, Germany},
  year = {2000},
  pages = {530--536},
  file = {:C\:\\Mel\\Projeto\\bases usadas\\trabalhos_relacionados\\MayAna2000.pdf:PDF},
  owner = {Merley},
  timestamp = {2009.06.19}
}

@INPROCEEDINGS{MayAnan:1999,
  author = {Diana Maynard and Sophia Ananiadou},
  title = {Identifying Contextual Information for Multi-Word Term Extraction},
  booktitle = {Proceedings of Terminology and Knowledge Engineering Conference (TKE), Innsbruck, Austria,},
  year = {1999},
  pages = {212--221},
  file = {:C\:\\Mel\\Projeto\\bases usadas\\trabalhos_relacionados\\MayAna1999.pdf:PDF},
  owner = {Merley},
  timestamp = {2009.06.19}
}

@ARTICLE{MazieroEtAl:2008,
  author = {E.G. Maziero and T.A.S. Pardo and A. {Di Felippo} and B. C.{Dias-da-Silva}},
  title = {A Base de Dados Lexical e a Interface Web do TeP 2.0 - Thesaurus
	Eletrônico para o Português do Brasil},
  journal = {VI Workshop em Tecnologia da Informação e da Linguagem Humana (TIL)},
  year = {2008},
  pages = {390--392},
  file = {:C\:\\Mel\\Projeto\\bases usadas\\MazieroEtAl2008.pdf:PDF},
  owner = {Merley},
  timestamp = {2009.05.12}
}

@MISC{Moura:2006,
  author = {Maria Fernanda Moura},
  title = {Uma abordagem para a construção e atualização de taxonomias de tópicos
	a partir de coleções de textos dinâmicas},
  year = {2006},
  note = {Monografia de Qualificação de Doutorado, Instituto de Ciências Matemáticas
	e de Computação (ICMC) -- USP, São Carlos},
  file = {QualiMFM_28082006.pdf:D\:\\Mel\\TCC\\Solange\\QualiMFM_28082006.pdf:PDF}
}

@INPROCEEDINGS{ConradoWTI:2008,
  author = {Maria Fernanda Moura and Ricardo Marcondes Marcacini and Bruno Magalhães
	Nogueira and Merley Silva Conrado and Solange Oliveira Rezende},
  title = {A proposal for building domain topic taxonomies},
  booktitle = {I Workshop on Web {and} Text Intelligence (WTI) - XIX Simpósio Brasileiro
	de Inteligência Artificial (SBIA), Salvador, BA},
  year = {2008},
  editor = {Proceedings of I Workshop on Web and Text Intelligence. São Carlos,
	SP : ICMC/USP},
  volume = {1},
  pages = {83--84},
  owner = {Merley},
  timestamp = {2009.07.09}
}

@TECHREPORT{MouraEtAlRT:2008,
  author = {Maria Fernanda Moura and Ricardo Marcondes Marcacini and Bruno Magalhães
	Nogueira and Merley Silva Conrado and Solange Oliveira Rezende},
  title = {Uma abordagem completa para a construção de taxonomias de tópicos
	em um domínio},
  institution = {Instituto de Ciências Matemáticas e de Computação (ICMC) - USP, São Carlos},
  year = {2008},
  number = {329},
  owner = {Merley},
  url = {http://www.icmc.usp.br/~biblio/BIBLIOTECA/rel_tec/RT_329.pdf (10/11/2008)}
  timestamp = {2009.05.26}
}

@inproceedings{MouraEtAlDMAI:2008,
  author = {Maria Fernanda Moura and Bruno Magalhães Nogueira and Merley Silva Conrado and Fabiano Fernandes Santos and Solange Oliveira Rezende},
  title = {Making Good Choices of Non-Redundant N-gram Words},
  booktitle = {International Workshop on Data Mining and Artificial Intelligence (DMAI) - International Conference on Computer and Information Technology (ICCT), Khulna},
  year = {2008},
  editor = {Proceedings of I IEEE International Workshop on Data Mining {and Artificial Intelligence. Khulna, Bangladesh: Khulna University of Engineering and Technology}},
  volume = {1},
  pages = {64--71},
  owner = {Merley},
  timestamp = {2009.07.09}
}

@inproceedings{ConradoIFM:2008,
  author = {Merley Silva Conrado and Solange Oliveira Rezende},
  title = {Avaliando deferentes formas de Geração de Termos a partir de Coleções Textuais},
  booktitle = {II Assembléia Geral do Instituto Fábrica do Milênio (IFM), Campinas, SP},
  year = {2008},
  editor = {Instituto Fábrica do Milênio, São Carlos, SP: Cubo Multimídia},
  volume = {1},
  pages = {1--248},
  owner = {Merley},
  timestamp = {2009.07.25}
}

@MASTERSTHESIS{Muniz:2004,
  author = {Marcelo Caetano Martins Muniz},
  title = {A construção de recursos lingüístico-computacionais para o português
	do Brasil: o projeto Unitex-PB},
  school = {Instituto de Ciências Matemáticas e de Computação (ICMC) -- USP, São Carlos},
  year = {2004},
  month = {Fevereiro},
  file = {Muniz 2004.pdf:D\:\\Mel\\ProjetoMestrado\\Solange\\bases usadas\\Muniz
	2004.pdf:PDF},
  owner = {merleyc},
  timestamp = {2008.02.25}
}

@MASTERSTHESIS{NogueiraDissert:2009,
  author = {Bruno Magalhães Nogueira},
  title = {Avaliação de métodos não-supervisionados de seleção de atributos
	para mineração de textos},
  school = {Instituto de Ciências Matemáticas e de Computação (ICMC) - USP, São Carlos},
  year = {2009},
  abstract = {Selecao de atributos.},
  owner = {Merley},
  timestamp = {2009.07.12},
%  url = {http://www.teses.usp.br/}
}

@INPROCEEDINGS{NogueiraEtAlWTI:2008,
  author = {Bruno Magalhães Nogueira and Maria Fernanda Moura and Merley Silva
	Conrado and Solange Oliveira Rezende},
  title = {Avaliação de métodos não-supervisionados de seleção de atributos
	para Mineração de Textos},
  booktitle = {I Workshop on Web {and} Text Intelligence (WTI) - XIX Simpósio Brasileiro
	de Inteligência Artificial (SBIA), Salvador, BA},
  year = {2008},
  editor = {Proceedings of I Workshop on Web and Text Intelligence. São Carlos,
	SP : ICMC/USP},
  volume = {1},
  pages = {59--66},
  owner = {Merley},
  timestamp = {2009.07.09}
}

@INPROCEEDINGS{NogueiraEtAl:2008,
  author = {Bruno Magalhães Nogueira and Maria Fernanda Moura and Merley Silva
	Conrado and Rafael Geraldeli Rossi and Ricardo Marcondes Marcacini
	and Solange Oliveira Rezende},
  title = {Winning Some of the Document Preprocessing Challenges in a Text Mining
	Process},
  booktitle = {IV Workshop em Algoritmos e Aplicações de Mineração de Dados (WAAMD) - XXIII Simpósio Brasileiro de Banco de Dados (SBBD), Campinas, SP},
  year = {2008},
  editor = {Anais do IV Workshop em Algoritmos e Aplicações de Mineração de Dados},
  owner = {Merley},
  timestamp = {2009.07.09}
}

@TECHREPORT{AndFox:2007,
  author = {Nicholas O. Andrews and Edward A. Fox},
  title = {Recent Developments in Document Clustering},
  institution = {Department of Computer Science, Virginia Tech -- Blacksburg - VA},
  year = {2007},
  number = {07--5},
  file = {AndFox2007.pdf},
  url = {http://eprints.cs.vt.edu/archive/00001000/01/docclust.pdf (21/06/2009)}
  owner = {Merley},
  timestamp = {2009.07.25}
}

@ARTICLE{Nunes:1996,
  author = {Nunes, M.G.V. et al.},
  title = {The Design of a Lexicon for Brazilian Portuguese: Lessons Learned
	and Perspectives},
  journal = {Proceedings of the II Workshop on Computational Processing of Written
	and Spoken Portuguese (PROPOR)},
  year = {1996},
  pages = {61--70},
  abstract = {Lematizador de Nunes fornecido pelo Prof Thiago Pardo (NILC).},
  owner = {Merley},
  timestamp = {2009.05.12}
}

@INPROCEEDINGS{Orengo:2001,
  author = {Viviane M. Orengo and Christian Huyck},
  title = {A Stemming Algorithm for Portuguese Language},
  booktitle = {Proceedings of Eigth Symposium on String Processing and Information
	Retrieval (SPIRE), Chile},
  year = {2001},
  pages = {186-193},
  month = {November},
  abstract = {Algoritmo de radicalização para a lí­ngua portuguesa: PortugueseStemmer.},
  interhash = {59fc7c3e68d79e22f3e751c2e73820fd},
  intrahash = {e0ff8a23bf99572f1bbb365e5c552a5d},
  owner = {Merley},
  timestamp = {2009.05.13},
%  url = {http://www.webcitation.org/5NnvdIzOb}
}

@ARTICLE{Porter:1980,
  author = {M. Porter},
  title = {An Algorithm for Suffixing Stripping},
  journal = {Program},
  year = {1980},
  volume = {14},
  pages = {130--137},
  number = {3},
  month = {July},
  owner = {merleyc},
  timestamp = {2008.02.22}
}

@ARTICLE{Ratn:1996,
  author = {Adwait Ratnaparkhi},
  title = {A Maximum Entropy Model for Part-Of-Speech Tagging},
  journal = {Proceedings of the Empirical Methods in Natural Language Processing
	Conference, University of Pennsylvania},
  year = {1996},
  pages = {491--497},
  month = {March},
  abstract = {MXPOST},
  owner = {merleyc},
  timestamp = {2008.02.25}
}

@INCOLLECTION{Rezende:2003a,
  author = {Solange Oliveira Rezende and Jaqueline Brigladori Pugliesi and Edson
	Augusto Melanda and Marcos Ferreira Paula},
  title = {Mineração de Dados},
  booktitle = {Sistemas Inteligentes: Fundamentos e Aplicações},
  publisher = {Manole},
  year = {2003},
  editor = {Solange Oliveira Rezende},
  chapter = {12},
  pages = {307--335},
  edition = {1}
}

@ARTICLE{RinoPardo:2003,
  author = {Lucia Helena Machado Rino and Thiago Alexandre Salgueiro Pardo},
  title = {A Sumarização Automática de Textos: Principais Características e
	Metodologias},
  journal = {Anais do XXIII Congresso da Sociedade Brasileira de Computação (SBC) -
	III Jornada de Minicursos de Inteligência Artificial (MCIA),
	Campinas, SP},
  year = {2003},
  pages = {203-245},
  abstract = {A sumarização automática pretende simular as principais caracteristicas
	da tarefa humana: identificar segmentos relevantes de um texto e
	compara-los, para produzir os sumarios correspondentes. Sumarios,
	neste contexto, sao sempre textos resumidos. Existem diversos modelos
	de sumarização automatica, que envolvem o conhecimento linguístico
	ou a manipulação estatistica ou empirica das informaçães textuais.
	A composição das informações relevantes depende do tipo de modelagem:
	podem ser simuladas tanto a reescrita integral do sumario, como a,
	normalmente, a propria tarefa manual, quanto a simples justaposição
	de segmentos extraídos literalmente do texto original. Neste capítulo,
	apresentamos essa diversidade, ilustrando algumas propostas de ambas
	as abordagens com a descrição de alguns sistemas de sumarização automatica
	desenvolvidos no NILC.},
  file = {Rino_Pardo 2003-Minicurso ministrado no JAIA(Curso de curta duração
	ministradoExtensão).pdf:D\:\\Mel\\ProjetoMestrado\\Solange\\bases
	usadas\\Rino_Pardo 2003-Minicurso ministrado no JAIA(Curso de curta
	duração ministradoExtensão).pdf:PDF},
  owner = {merleyc},
  timestamp = {2008.02.23}
}

@BOOK{Rummel:1970,
  title = {Applied Factor Analysis},
  publisher = {Northwestern},
  year = {1970},
  author = {R J Rummel},
  sbn = {8101-0254-4}
}

@ARTICLE{Salton:1968,
  author = {Salton, Gerard and Michael E. Lesk},
  title = {Computer evaluation of indexing and text processing},
  journal = {Journal of the Association for Computing Machinery (ACM)},
  year = {1968},
  volume = {15},
  pages = {8--36},
  month = {January},
  file = {:C\:\\Mel\\Projeto\\bases usadas\\SaltonLesk1068.pdf:PDF},
  owner = {merleyc},
  review = {Sobre o modelo espaço vetorial (Vectorial Space Model).},
  timestamp = {2008.02.21}
}


@TECHREPORT{SaltonBuc:1987,
 author = {Salton, Gerard and Buckley, Chris},
 title = {Term Weighting Approaches in Automatic Text Retrieval},
 year = {1987},
 url = {http://ecommons.library.cornell.edu/bitstream/1813/6721/1/87-881.pdf (10/10/2008)},
 publisher = {Cornell University},
 address = {Ithaca, NY, USA}
 }

@ARTICLE{flanom:1999,
  author = {Santana, O.; Pérez, J.; Carreras, F.; Duque, J.; Hernández, Z.; Rodrí­guez,
	G.},
  title = {FLANOM: Flexionador y lematizador automático de formas nominales},
  journal = {Lingüí­stica Española Actual XXI},
  year = {1999},
  volume = {2},
  pages = {253--297},
  file = {:C\:\\Mel\\Projeto\\bases usadas\\Flanom1999.pdf:PDF},
  owner = {Merley},
  timestamp = {2009.06.16}
}

@MASTERSTHESIS{Santos:2005,
  author = {Cícero Nogueira Santos},
  title = {Aprendizado de máquina na identificação de sintagmas nominais: o
	caso do português brasileiro},
  school = {Departamento de Ciência e Tecnologia (DCT) - Instituto Militar de Engenharia (IME)},
  year = {2005},
  abstract = {In recent years, empirical methods of Natural Language Processing
	have been back in focus, methods in which the linguistic data is
	the major source of knowledge acquisition. During the last decade,
	Machine Learning (ML) has been applied to the identification of noun
	phrases (NPs). NP identification has a wide range of applications,
	such as information retrieval and extraction, syntactic parsing,
	co-reference resolution and identification of semantic relations.
	Most of the work that has been published in the field has taken English
	as the target language; reports on the application of ML techniques
	the identification of Brazilian Portuguese NPs have not been found.
	In this work, the automatic identification of Brazilian Portuguese
	NPs is treated as a classification task that should be automatically
	learned using the ML technique denominated Transformation Based Learning
	.. TBL. In this framework, the learning process is guided by a training
	corpus containing examples that have been correctly classified. The
	classification itself has been automatically derived from an existing
	corpus. The linguistic knowledge generated by this technique consists
	of an ordered list of transformation rules that can be used to classify
	new texts. In order to reduce the number of classification errors
	related to prepositions, a new type of rule template has been proposed,
	in which the basic unit, the Atomic Term, has a variable size context
	window and a condition to be tested before the capture of the values
	that will make up the rules. The baseline classification method is
	discussed and improved for the Portuguese case, and also, to cover
	language-specific verb inflexions, a stemmer is used in the reduction
	of training time and the improvement in learned rules. In the identification
	of Brazilian Portuguese NPs with the TBL tool, the best result obtained
	was 86,6% for precision and 85,9% for recall.},
  biburl = {http://www.bibsonomy.org/bibtex/212a43fe8ddbcc122b0c7c8987fffe335/lleme},
%  url = {http://pandeiro.learn.fplf.org.br/inf2915/images/9/90/DissertacaoCicero.pdf}
}

@ARTICLE{Schmid:1994,
  author = {Schmid, H},
  title = {Probabilistic part-of-speech tagging using decision trees},
  journal = {Proceedings of International Conference on New Methods in Language
	Processing (NEMLAP)},
  year = {1994},
  pages = {44--49},
  file = {Schmid1994.pdf:C:\\Mel\\Projeto\\bases usadas\\Schmid1994.pdf:PDF},
  review = {Trata do etiquetador de textos chamado TreeTagger. Referência tirada
	do site do NILC - USP, especificamente do LacioWeb.},
  timestamp = {2008.04.11}
}

@BOOK{Searle:1971,
  title = {Linear models},
  publisher = {New York: Wiley},
  year = {1971},
  author = {Shayle Robert Searle},
  pages = {532},
  isbn = {0-471-18499-3}
}

@inCollection{Sebastiani:2006,
   author    = {Fabrizio Sebastiani},
   title     = {Classification of text, automatic},
   editor    = {Keith Brown},
   year      = 2006,
   volume    = 2,
   booktitle = {The Encyclopedia of Language and Linguistics},
   publisher = {Elsevier Science Publishers},
   address   = {Amsterdam, {NL}},
   pages     = {457--463},
  % url       = {http://blackwinter.de/da/lit/sebastiani_-_classification_of_text,_automatic.pdf},
   file = {Sebastiani2006.pdf:C:\\Mel\\Projeto\\bases usadas\\Sebastiani2006.pdf:PDF},
   edition   = {Second},
}

@ARTICLE{Silic:2007,
  author = {Artur Silic and Jean-Hugues Chauchat and Bojana Dalbelo Basic and
	Annie Morin},
  title = {N-grams and Morphological Normalization in Text Classification: A
	Comparison on a Croatian - English Parallel Corpus},
  publisher = {Springer Berlin / Heidelberg},
  book = {Progress in Artificial Intelligence},
  year = {2007},
  volume = {4874},
  pages = {671--682},
  month = {November},
  note = {{ISBN} 978-3-540-77000-8},
  abstract = {Artigo compara n-grams a normalização morfologica (lematização, stemmização,
	normalização derivacional). Dois metodos de processamento de textos
	sao usados para classificação de textos de corpus ingles e croata
	(politica, ecnonomia, natureza e eventos -> total: 3580 artigos de
	cada lingua).
	
	Conlusao: o desempenho do classificador e computacional é melhor no
	conjunto da lingua inglesa do que no Croata. Em pequenos e medios
	subconjuntos há melhora usando normalização morfologica na Croata,
	mas em termos de quantidade de atributos fixa, n-gram pode substituitr
	a normalização morfologica.
	
	(Resumo mais detalhado no meu caderno de reuniões do grupo TM).},
  doi = {10.1007/978-3-540-77002-2},
  owner = {merleyc},
  timestamp = {2008.02.23}
}

@ARTICLE{SillaKaestner:2002,
  author = {Silla Jr, Carlos Nascimento and Celso Antônio Alves Kaestner},
  title = {Estudo de Métodos Automáticos para Sumarização de Textos},
  journal = {Anais do Simpósio de Tecnologias de Documentos (STD)},
  year = {2002},
  volume = {1},
  pages = {45-48},
  abstract = {Este artigo descreve uma ferramenta para mineração de textos cujo
	principal objetivo é sumarizar documentos em Inglês e Português e
	expõe o problema da separação errônea de sentenças. O algoritmo de
	sumarização extrativa utilizado utiliza como elemento principal a
	medida TF-ISF (Term Frequency - Inverse Sentence Frequency) onde
	a noção de palavras é substituida por quadri-grams. As sentenças
	selecionadas para fazer parte do sumário são aquelas com os maiores
	valores de TF-ISF.},
  file = {SillaKaestner-STD'2002.pdf:D\:\\Mel\\TCC\\Solange\\bases usadas\\SillaKaestner-STD'2002.pdf:PDF},
  institution = {Simpósio de Tecnologias de Documentos, São Paulo. Anais do STD2002}
}

@MASTERSTHESIS{Silva:2007,
  author = {Silva, Wilson Carlos da},
  title = {Uma Ferramenta para Geração Automática de Diagrama de Classes Baseada
	em Processamento de Linguagem Natural},
  school = {Universidade Metodista de Piracicaba},
  year = {2007},
  note = {{C}iência da Computação},
  abstract = {A partir da análise sintática realizada pela MXPOST (colocação de
	marcações "TAG" que identificam a classificação gramatical da palavra
	dentro da frase) em documentos de requisitos, a ferramenta proposta
	por este trabalho classifica as palavras previamente identificadas
	em três categorias: classes, atributos, métodos, para, então, gerar
	automaticamente como resultado final um diagrama de classes a partir
	da especificação de requisitos em linguagem natural.},
  file = {Silva 2007.pdf:D\:\\Mel\\ProjetoMestrado\\Solange\\bases usadas\\Silva
	2007.pdf:PDF},
  owner = {merleyc},
  timestamp = {2008.02.20}
}

@ARTICLE{Smad:1993,
  author = {Frank Smadja},
  title = {Retrieving Collocations from Text: Xtract},
  journal = {Computational Linguistics},
  year = {1993},
  volume = {19},
  pages = {143--177},
  file = {:C\:\\Mel\\Projeto\\bases usadas\\trabalhos_relacionados\\Smad1993.pdf:PDF},
  owner = {Merley},
  timestamp = {2009.06.19}
}

@BOOK{SneCoch:1967,
  title = {Statistical Methods},
  publisher = {Ames},
  year = {1967},
  editor = {Iowa State University Press},
  author = {George W. Snedecor and William G. Cochran},
  edition = {6th},
  owner = {Merley},
  timestamp = {2009.05.26}
}

@TECHREPORT{pretext2:2008,
  author = {M. V.B. Soares and R. C. Prati and M. C. Monard},
  title = {PreTexT {II}: Descrição da Reestruturacão da Ferramenta de Pré-Processamento
	de Textos},
  institution = {Instituto de Ciências Matemáticas e de Computação (ICMC) - USP, São Carlos, SP},
  year = {2008},
  number = {333},
  abstract = {Ferramenta Pretext versao 2},
  url = {http://www.icmc.usp.br/\~biblio/BIBLIOTECA/rel\_tec/RT\_333.pdf (14/01/2009)}
}

@INPROCEEDINGS{SouzaEtAl:2006,
  author = {Souza, M. I. F. and Santos, A. D. dos and Moura, Maria Fernanda.
	and Alvez, M. das D. R.},
  title = {Agência de Informação Embrapa: uma aplicação para a organização da
	informação e gestão do conhecimento},
  booktitle = {XX Simpósio Brasileiro de Engenharia de Software (SBES) \& XXI Simpósio Brasileiro
	de Bancos de Dados (SBBD) - II Workshop de Bibliotecas Digitais (WDL)},
  year = {2006},
  editor = {Anais do II Workshop de Bibliotecas Digitais},
  pages = {51--56},
  owner = {Merley},
  timestamp = {2009.05.12}
}

@MISC{sphinx:2008,
  author = {Sphinx},
  title = {Sphinx},
  month = {Março},
  year = {2008},
  abstract = {Sphinx - Análise sintática e lematização.
	
	O software Sphinx v.4 contém uma função Lematizar que está disponí­vel
	na sua totalidade somente para as versões do sistema em francês (com
	o lematizador* francês) ou em inglês (com o lematizador inglês).
	Isto porque, atualmente, não existe, a nosso conhecimento, um lematizador
	em português que seja compatí­vel com o Sphinx. Portanto, muito embora
	a existência desta função na versão Sphinx em Português, a mesma
	não pode ser utilizada pela falta de um lematizador da lí­ngua.},
  file = {Manual da Sphinx v.4:http\://www.sphinxbrasil.com.br/po/arquivos/servicos/elearning/manuais/v4/sph/13-An_sintat_lem.pdf:PDF},
  owner = {Merley},
  timestamp = {2008.04.22},
  url = {http://www.sphinxbrasil.com.br/}
}

@ARTICLE{Tan:1999,
  author = {Tan, Ah-Hwee},
  title = {Text mining: The state of the art and the challenges},
  journal = {Proceedings of the Pacic Asia Conference on Knowledge Discovery and
	Data Mining (PAKDD) - Workshop on Knowledge Discovery from Advanced
	Databases (KDAD)},
  year = {1999},
  pages = {65--70},
  abstract = {Text mining, also known as text data mining or knowledge discovery
	from textual databases, refers to the process of extracting interesting
	and non-trivial patterns or knowledge from text documents. Regarded
	by many as the next wave of knowledge discovery, text mining has
	very high commercial values. Last count reveals that there are more
	than ten high-tech companies offering products for text mining.},
  citeseerurl = {citeseer.ist.psu.edu/tan99text.html},
  file = {Tan 1999.pdf:D\:\\Mel\\ProjetoMestrado\\Solange\\bases usadas\\Tan
	1999.pdf:PDF},
  owner = {merleyc},
  timestamp = {2008.02.23}
}

@ARTICLE{Teline:2003,
  author = {Maria Fernanda Teline and Gladis Maria de Barcellos Almeida and Sandra
	Maria Aluí­sio},
  title = {Extração manual e automática de terminologia: comparando abordagens
	e critérios},
  journal = {Workshop em Tecnologia da Informação e da Linguagem Humana (TIL)
	- 16th Brazilian Symposium on Computer Graphics and Image Processing
	(SIBGRAP)},
  year = {2003},
  volume = {1},
  pages = {1--12},
  month = {Outubro},
  owner = {Merley},
  timestamp = {2009.05.13}
}

@INPROCEEDINGS{Tesar:2006,
  author = {Roman Tesar and Vaclav Strnad and Karel Jezek and Massimo Poesio},
  title = {Extending the single words-based document model: a comparison of
	bigrams and 2-itemsets},
  booktitle = {Proceedings of the 2006 ACM symposium on Document engineering (DocEng)},
  year = {2006},
  pages = {138--146},
  address = {New York, NY, USA},
  publisher = {Association for Computing Machinery (ACM)},
  doi = {http://doi.acm.org/10.1145/1166160.1166197},
  isbn = {1-59593-515-0},
  location = {Amsterdam, The Netherlands},
  owner = {Merley},
  timestamp = {2008.08.17}
}

@INPROCEEDINGS{Tishby:1999,
  author = {Naftali Tishby and Fernando C Pereira and Willian Bialek},
  title = {The Information Bottleneck Method},
  booktitle = {Proceedings of the 37th Allerton Conference on Communication, Control
	and Computing -- 1999},
  year = {1999},
  pages = {368--377}
}

@article{TurmoEtAl:2006,
 author = {Turmo, Jordi and Ageno, Alicia and Catal\`{a}, Neus},
 title = {Adaptive information extraction},
 journal = {ACM Comput. Surv.},
 volume = {38},
 number = {2},
 year = {2006},
 issn = {0360-0300},
 pages = {4},
 doi = {http://doi.acm.org/10.1145/1132956.1132957},
 publisher = {ACM},
 address = {New York, NY, USA},
 file = {TurmoEtAl2006.pdf:D\:\\Mel\\Projeto\\bases usadas\\TurmoEtAl2006.pdf:PDF},
 }

@INPROCEEDINGS{prudencio:2005,
  author = {Eduardo F.A. Silva and Flávia A. Barros and Ricardo B. C. Prudêncio},
  title = {Uma Abordagem de Aprendizagem Híbrida para Extração de Informação em Textos Semi-Estruturados},
  booktitle = {V Encontro Nacional de Inteligência Artificial (ENIA), São Leopoldo, RS},
  year = {2005},
  editor = {Anais do Encontro Nacional de Inteligência Artificial (ENIA)},
  owner = {Merley},
  pages = {504-513}
}

@MISC{Velickov:2004,
  author = {S. Velickov},
  title = {TextMiner theoretical background},
  year = {2004},
  note = {Disponível em: http://www.delft-cluster.nl/textminer/theory/ [19/07/2004]}
}

@ARTICLE{VieraVirgil:2007,
  author = {Angel Freddy Godoy Viera and Johnny Virgil},
  title = {Uma revisão dos algoritmos de radicalização em lí­ngua portuguesa},
  journal = {Information Research},
  year = {2007},
  volume = {12},
  number = {3},
  month = {Abril},
  owner = {Merley},
  timestamp = {2009.05.11},
%  url = {http://informationr.net/ir/12-3/paper315.html}
}

@MISC{Vivisimo:2006,
  author = {VIVISIMO},
  title = {Vivisimo clustering - automatic categorization and meta-search software},
  year = {2006},
  note = {Disponível em: http://www.vivisimo.com/ [29/08/2007]}
}

@BOOK{Wall:1996,
  title = {Programming in PERL},
  publisher = {O'Reilly, Inc.},
  year = {1996},
  author = {Wall, Larry and Schwartz, Randal L. and Christiansen, Tom},
  owner = {merleyc},
  timestamp = {2008.02.25}
}

@BOOK{Weiss:2005,
  title = {Text Mining - Predictive Methods for Analyzing Unstructured Information},
  publisher = {Springer Science+Business Media, Inc.},
  year = {2005},
  author = {Sholom M. Weiss and Nitin Indurkhya and Tong Zhang and Fred J. Dame\-rau},
  month = {March},
  note = {{ISBN} 0-387-95433-3}
}

@ARTICLE{zhou:2003,
  author = {Zhi-Hua Zhou},
  title = {Three perspectives of data mining},
  journal = {Artificial Intelligence Journal},
  year = {2003},
  pages = {139--146},
  abstract = {Avaliação de três diferentes perspectivas da área de Mineração de
	Dados: banco de dados, aprendizado de máquina e estatística, ressaltando
	as diferentes formas de MD abordadas por cada uma.},
  file = {Zhou 2003.pdf:D\:\\Mel\\ProjetoMestrado\\Solange\\bases usadas\\Zhou
	2003.pdf:PDF},
  owner = {merleyc},
  timestamp = {2008.02.21}
}

@BOOK{Zipf:1949,
  title = {Human Behavior and the Principle of Least Effort},
  publisher = {Addison-Wesley},
  year = {1949},
  author = {G. K Zipf},
  owner = {merleyc},
  timestamp = {2008.02.22}
}